"id","expname","subject","ip","condnum","choice","submitted","event","roword","colord","evttype","boxname","boxin","boxtime","counter","wtpa","wtpb","relcount","maxcount","f_o_b2","f_p_b2","f_p_b1","f_o_b1","f_p_a1","f_p_a2","f_o_a2","f_o_a1","t_o_b2","t_p_b2","t_p_b1","t_o_b1","t_p_a1","t_p_a2","t_o_a2","t_o_a1"
"2","ls2","S29","77.2.58.98","29","","2016-07-15 18:28:55","mouseout","0_2_1","0_1_2_3_4","0_0","o_b2","11025","546","1","300","300","0.0172413793103","58","1","0","0","0","0","0","0","0","546","0","0","0","0","0","0","0"
"2","ls2","S29","77.2.58.98","29","","2016-07-15 18:28:55","mouseout","0_2_1","0_1_2_3_4","0_0","p_b2","11571","643","2","300","300","0.0344827586207","58","0","1","0","0","0","0","0","0","0","643","0","0","0","0","0","0"
"2","ls2","S29","77.2.58.98","29","","2016-07-15 18:28:55","mouseout","0_2_1","0_1_2_3_4","0_0","o_b2","12248","310","3","300","300","0.051724137931","58","1","0","0","0","0","0","0","0","310","0","0","0","0","0","0","0"
"2","ls2","S29","77.2.58.98","29","","2016-07-15 18:28:55","mouseout","0_2_1","0_1_2_3_4","0_0","p_b2","12577","924","4","300","300","0.0689655172414","58","0","1","0","0","0","0","0","0","0","924","0","0","0","0","0","0"
"2","ls2","S29","77.2.58.98","29","","2016-07-15 18:28:55","mouseout","0_2_1","0_1_2_3_4","0_0","p_b1","13668","1567","5","300","300","0.0862068965517","58","0","0","1","0","0","0","0","0","0","0","1567","0","0","0","0","0"
"2","ls2","S29","77.2.58.98","29","","2016-07-15 18:28:55","mouseout","0_2_1","0_1_2_3_4","0_0","p_b2","15269","353","6","300","300","0.103448275862","58","0","1","0","0","0","0","0","0","0","353","0","0","0","0","0","0"
"2","ls2","S29","77.2.58.98","29","","2016-07-15 18:28:55","mouseout","0_2_1","0_1_2_3_4","0_0","p_b1","15656","1120","7","300","300","0.120689655172","58","0","0","1","0","0","0","0","0","0","0","1120","0","0","0","0","0"
"2","ls2","S29","77.2.58.98","29","","2016-07-15 18:28:55","mouseout","0_2_1","0_1_2_3_4","0_0","p_b2","16777","881","8","300","300","0.137931034483","58","0","1","0","0","0","0","0","0","0","881","0","0","0","0","0","0"
"2","ls2","S29","77.2.58.98","29","","2016-07-15 18:28:55","mouseout","0_2_1","0_1_2_3_4","0_0","p_b1","17678","697","9","300","300","0.155172413793","58","0","0","1","0","0","0","0","0","0","0","697","0","0","0","0","0"
"2","ls2","S29","77.2.58.98","29","","2016-07-15 18:28:55","mouseout","0_2_1","0_1_2_3_4","0_0","p_b2","18391","530","10","300","300","0.172413793103","58","0","1","0","0","0","0","0","0","0","530","0","0","0","0","0","0"
"2","ls2","S29","77.2.58.98","29","","2016-07-15 18:28:55","mouseout","0_2_1","0_1_2_3_4","0_0","o_b1","18938","998","11","300","300","0.189655172414","58","0","0","0","1","0","0","0","0","0","0","0","998","0","0","0","0"
"2","ls2","S29","77.2.58.98","29","","2016-07-15 18:28:55","mouseout","0_2_1","0_1_2_3_4","0_0","o_b2","19969","387","12","300","300","0.206896551724","58","1","0","0","0","0","0","0","0","387","0","0","0","0","0","0","0"
"2","ls2","S29","77.2.58.98","29","","2016-07-15 18:28:55","mouseout","0_2_1","0_1_2_3_4","0_0","o_b1","20373","890","13","300","300","0.224137931034","58","0","0","0","1","0","0","0","0","0","0","0","890","0","0","0","0"
"2","ls2","S29","77.2.58.98","29","","2016-07-15 18:28:55","mouseout","0_2_1","0_1_2_3_4","0_0","o_b2","21263","376","14","300","300","0.241379310345","58","1","0","0","0","0","0","0","0","376","0","0","0","0","0","0","0"
"2","ls2","S29","77.2.58.98","29","","2016-07-15 18:28:55","mouseout","0_2_1","0_1_2_3_4","0_0","p_b1","21674","1576","15","300","300","0.258620689655","58","0","0","1","0","0","0","0","0","0","0","1576","0","0","0","0","0"
"2","ls2","S29","77.2.58.98","29","","2016-07-15 18:28:55","mouseout","0_2_1","0_1_2_3_4","0_0","p_a1","23404","1991","16","300","300","0.275862068966","58","0","0","0","0","1","0","0","0","0","0","0","0","1991","0","0","0"
"2","ls2","S29","77.2.58.98","29","","2016-07-15 18:28:55","mouseout","0_2_1","0_1_2_3_4","0_0","p_a2","25413","694","17","300","300","0.293103448276","58","0","0","0","0","0","1","0","0","0","0","0","0","0","694","0","0"
"2","ls2","S29","77.2.58.98","29","","2016-07-15 18:28:55","mouseout","0_2_1","0_1_2_3_4","0_0","p_a1","26244","476","18","300","300","0.310344827586","58","0","0","0","0","1","0","0","0","0","0","0","0","476","0","0","0"
"2","ls2","S29","77.2.58.98","29","","2016-07-15 18:28:55","mouseout","0_2_1","0_1_2_3_4","0_0","p_a2","26815","490","19","300","300","0.327586206897","58","0","0","0","0","0","1","0","0","0","0","0","0","0","490","0","0"
"2","ls2","S29","77.2.58.98","29","","2016-07-15 18:28:55","mouseout","0_2_1","0_1_2_3_4","0_0","o_a2","27572","623","20","300","300","0.344827586207","58","0","0","0","0","0","0","1","0","0","0","0","0","0","0","623","0"
"2","ls2","S29","77.2.58.98","29","","2016-07-15 18:28:55","mouseout","0_2_1","0_1_2_3_4","0_0","o_a1","28213","1091","21","300","300","0.362068965517","58","0","0","0","0","0","0","0","1","0","0","0","0","0","0","0","1091"
"2","ls2","S29","77.2.58.98","29","","2016-07-15 18:28:55","mouseout","0_2_1","0_1_2_3_4","0_0","o_a2","29322","264","22","300","300","0.379310344828","58","0","0","0","0","0","0","1","0","0","0","0","0","0","0","264","0"
"2","ls2","S29","77.2.58.98","29","","2016-07-15 18:28:55","mouseout","0_2_1","0_1_2_3_4","0_0","p_a1","29758","799","23","300","300","0.396551724138","58","0","0","0","0","1","0","0","0","0","0","0","0","799","0","0","0"
"2","ls2","S29","77.2.58.98","29","","2016-07-15 18:28:55","mouseout","0_2_1","0_1_2_3_4","0_0","o_a1","30574","343","24","300","300","0.413793103448","58","0","0","0","0","0","0","0","1","0","0","0","0","0","0","0","343"
"2","ls2","S29","77.2.58.98","29","","2016-07-15 18:28:55","mouseout","0_2_1","0_1_2_3_4","0_0","p_a1","30918","1020","25","300","300","0.431034482759","58","0","0","0","0","1","0","0","0","0","0","0","0","1020","0","0","0"
"2","ls2","S29","77.2.58.98","29","","2016-07-15 18:28:55","mouseout","0_2_1","0_1_2_3_4","0_0","o_b1","31990","830","26","300","300","0.448275862069","58","0","0","0","1","0","0","0","0","0","0","0","830","0","0","0","0"
"2","ls2","S29","77.2.58.98","29","","2016-07-15 18:28:55","mouseout","0_2_1","0_1_2_3_4","0_0","o_a1","32923","809","27","300","300","0.465517241379","58","0","0","0","0","0","0","0","1","0","0","0","0","0","0","0","809"
"2","ls2","S29","77.2.58.98","29","","2016-07-15 18:28:55","mouseout","0_2_1","0_1_2_3_4","0_0","p_a1","33750","2312","28","300","300","0.48275862069","58","0","0","0","0","1","0","0","0","0","0","0","0","2312","0","0","0"
"2","ls2","S29","77.2.58.98","29","","2016-07-15 18:28:55","mouseout","0_2_1","0_1_2_3_4","0_0","o_a1","36081","1131","29","300","300","0.5","58","0","0","0","0","0","0","0","1","0","0","0","0","0","0","0","1131"
"2","ls2","S29","77.2.58.98","29","","2016-07-15 18:28:55","mouseout","0_2_1","0_1_2_3_4","0_0","o_a2","37212","817","30","300","300","0.51724137931","58","0","0","0","0","0","0","1","0","0","0","0","0","0","0","817","0"
"2","ls2","S29","77.2.58.98","29","","2016-07-15 18:28:55","mouseout","0_2_1","0_1_2_3_4","0_0","p_b1","38165","280","31","300","300","0.534482758621","58","0","0","1","0","0","0","0","0","0","0","280","0","0","0","0","0"
"2","ls2","S29","77.2.58.98","29","","2016-07-15 18:28:55","mouseout","0_2_1","0_1_2_3_4","0_0","o_b2","38481","737","32","300","300","0.551724137931","58","1","0","0","0","0","0","0","0","737","0","0","0","0","0","0","0"
"2","ls2","S29","77.2.58.98","29","","2016-07-15 18:28:55","mouseout","0_2_1","0_1_2_3_4","0_0","o_a2","39305","711","33","300","300","0.568965517241","58","0","0","0","0","0","0","1","0","0","0","0","0","0","0","711","0"
"2","ls2","S29","77.2.58.98","29","","2016-07-15 18:28:55","mouseout","0_2_1","0_1_2_3_4","0_0","p_b2","40120","260","34","300","300","0.586206896552","58","0","1","0","0","0","0","0","0","0","260","0","0","0","0","0","0"
"2","ls2","S29","77.2.58.98","29","","2016-07-15 18:28:55","mouseout","0_2_1","0_1_2_3_4","0_0","o_b2","40398","793","35","300","300","0.603448275862","58","1","0","0","0","0","0","0","0","793","0","0","0","0","0","0","0"
"2","ls2","S29","77.2.58.98","29","","2016-07-15 18:28:55","mouseout","0_2_1","0_1_2_3_4","0_0","o_a2","41279","2118","36","300","300","0.620689655172","58","0","0","0","0","0","0","1","0","0","0","0","0","0","0","2118","0"
"2","ls2","S29","77.2.58.98","29","","2016-07-15 18:28:55","mouseout","0_2_1","0_1_2_3_4","0_0","o_b2","43763","633","37","300","300","0.637931034483","58","1","0","0","0","0","0","0","0","633","0","0","0","0","0","0","0"
"2","ls2","S29","77.2.58.98","29","","2016-07-15 18:28:55","mouseout","0_2_1","0_1_2_3_4","0_0","p_b2","44415","1459","38","300","300","0.655172413793","58","0","1","0","0","0","0","0","0","0","1459","0","0","0","0","0","0"
"2","ls2","S29","77.2.58.98","29","","2016-07-15 18:28:55","mouseout","0_2_1","0_1_2_3_4","0_0","o_b1","45891","418","39","300","300","0.672413793103","58","0","0","0","1","0","0","0","0","0","0","0","418","0","0","0","0"
"2","ls2","S29","77.2.58.98","29","","2016-07-15 18:28:55","mouseout","0_2_1","0_1_2_3_4","0_0","p_b1","46309","682","40","300","300","0.689655172414","58","0","0","1","0","0","0","0","0","0","0","682","0","0","0","0","0"
"2","ls2","S29","77.2.58.98","29","","2016-07-15 18:28:55","mouseout","0_2_1","0_1_2_3_4","0_0","o_a1","47763","367","41","300","300","0.706896551724","58","0","0","0","0","0","0","0","1","0","0","0","0","0","0","0","367"
"2","ls2","S29","77.2.58.98","29","","2016-07-15 18:28:55","mouseout","0_2_1","0_1_2_3_4","0_0","o_a2","48149","549","42","300","300","0.724137931034","58","0","0","0","0","0","0","1","0","0","0","0","0","0","0","549","0"
"2","ls2","S29","77.2.58.98","29","","2016-07-15 18:28:55","mouseout","0_2_1","0_1_2_3_4","0_0","p_a1","48869","281","43","300","300","0.741379310345","58","0","0","0","0","1","0","0","0","0","0","0","0","281","0","0","0"
"2","ls2","S29","77.2.58.98","29","","2016-07-15 18:28:55","mouseout","0_2_1","0_1_2_3_4","0_0","o_a1","49150","212","44","300","300","0.758620689655","58","0","0","0","0","0","0","0","1","0","0","0","0","0","0","0","212"
"2","ls2","S29","77.2.58.98","29","","2016-07-15 18:28:55","mouseout","0_2_1","0_1_2_3_4","0_0","o_a2","49382","425","45","300","300","0.775862068966","58","0","0","0","0","0","0","1","0","0","0","0","0","0","0","425","0"
"2","ls2","S29","77.2.58.98","29","","2016-07-15 18:28:55","mouseout","0_2_1","0_1_2_3_4","0_0","p_a2","49859","781","46","300","300","0.793103448276","58","0","0","0","0","0","1","0","0","0","0","0","0","0","781","0","0"
"2","ls2","S29","77.2.58.98","29","","2016-07-15 18:28:55","mouseout","0_2_1","0_1_2_3_4","0_0","o_a2","50657","276","47","300","300","0.810344827586","58","0","0","0","0","0","0","1","0","0","0","0","0","0","0","276","0"
"2","ls2","S29","77.2.58.98","29","","2016-07-15 18:28:55","mouseout","0_2_1","0_1_2_3_4","0_0","o_a2","51285","474","48","300","300","0.827586206897","58","0","0","0","0","0","0","1","0","0","0","0","0","0","0","474","0"
"2","ls2","S29","77.2.58.98","29","","2016-07-15 18:28:55","mouseout","0_2_1","0_1_2_3_4","0_0","p_a2","51760","1128","49","300","300","0.844827586207","58","0","0","0","0","0","1","0","0","0","0","0","0","0","1128","0","0"
"2","ls2","S29","77.2.58.98","29","","2016-07-15 18:28:55","mouseout","0_2_1","0_1_2_3_4","0_0","o_a2","52905","314","50","300","300","0.862068965517","58","0","0","0","0","0","0","1","0","0","0","0","0","0","0","314","0"
"2","ls2","S29","77.2.58.98","29","","2016-07-15 18:28:55","mouseout","0_2_1","0_1_2_3_4","0_0","o_a1","53236","226","51","300","300","0.879310344828","58","0","0","0","0","0","0","0","1","0","0","0","0","0","0","0","226"
"2","ls2","S29","77.2.58.98","29","","2016-07-15 18:28:55","mouseout","0_2_1","0_1_2_3_4","0_0","o_a1","53827","373","52","300","300","0.896551724138","58","0","0","0","0","0","0","0","1","0","0","0","0","0","0","0","373"
"2","ls2","S29","77.2.58.98","29","","2016-07-15 18:28:55","mouseout","0_2_1","0_1_2_3_4","0_0","o_b2","58612","503","53","300","300","0.913793103448","58","1","0","0","0","0","0","0","0","503","0","0","0","0","0","0","0"
"2","ls2","S29","77.2.58.98","29","","2016-07-15 18:28:55","mouseout","0_2_1","0_1_2_3_4","0_0","o_b1","59149","797","54","300","300","0.931034482759","58","0","0","0","1","0","0","0","0","0","0","0","797","0","0","0","0"
"2","ls2","S29","77.2.58.98","29","","2016-07-15 18:28:55","mouseout","0_2_1","0_1_2_3_4","0_0","p_b1","59946","927","55","300","300","0.948275862069","58","0","0","1","0","0","0","0","0","0","0","927","0","0","0","0","0"
"2","ls2","S29","77.2.58.98","29","","2016-07-15 18:28:55","mouseout","0_2_1","0_1_2_3_4","0_0","o_b1","60873","724","56","300","300","0.965517241379","58","0","0","0","1","0","0","0","0","0","0","0","724","0","0","0","0"
"2","ls2","S29","77.2.58.98","29","","2016-07-15 18:28:55","mouseout","0_2_1","0_1_2_3_4","0_0","o_b2","61691","688","57","300","300","0.98275862069","58","1","0","0","0","0","0","0","0","688","0","0","0","0","0","0","0"
"2","ls2","S29","77.2.58.98","29","","2016-07-15 18:28:55","mouseout","0_2_1","0_1_2_3_4","0_0","p_b2","62397","396","58","300","300","1","58","0","1","0","0","0","0","0","0","0","396","0","0","0","0","0","0"
"11","ls2","S35","195.169.169.136","35","","2016-07-15 18:42:22","mouseout","0_2_1","1_0_2_4_3","0_0","p_a2","6681","1136","1","400","100","0.0188679245283","53","0","0","0","0","0","1","0","0","0","0","0","0","0","1136","0","0"
"11","ls2","S35","195.169.169.136","35","","2016-07-15 18:42:22","mouseout","0_2_1","1_0_2_4_3","0_0","p_a2","9506","718","2","400","100","0.0377358490566","53","0","0","0","0","0","1","0","0","0","0","0","0","0","718","0","0"
"11","ls2","S35","195.169.169.136","35","","2016-07-15 18:42:22","mouseout","0_2_1","1_0_2_4_3","0_0","o_a2","10225","710","3","400","100","0.0566037735849","53","0","0","0","0","0","0","1","0","0","0","0","0","0","0","710","0"
"11","ls2","S35","195.169.169.136","35","","2016-07-15 18:42:22","mouseout","0_2_1","1_0_2_4_3","0_0","p_a1","11396","487","4","400","100","0.0754716981132","53","0","0","0","0","1","0","0","0","0","0","0","0","487","0","0","0"
"11","ls2","S35","195.169.169.136","35","","2016-07-15 18:42:22","mouseout","0_2_1","1_0_2_4_3","0_0","o_a1","12203","452","5","400","100","0.0943396226415","53","0","0","0","0","0","0","0","1","0","0","0","0","0","0","0","452"
"11","ls2","S35","195.169.169.136","35","","2016-07-15 18:42:22","mouseout","0_2_1","1_0_2_4_3","0_0","p_a1","12655","520","6","400","100","0.11320754717","53","0","0","0","0","1","0","0","0","0","0","0","0","520","0","0","0"
"11","ls2","S35","195.169.169.136","35","","2016-07-15 18:42:22","mouseout","0_2_1","1_0_2_4_3","0_0","o_a1","13176","335","7","400","100","0.132075471698","53","0","0","0","0","0","0","0","1","0","0","0","0","0","0","0","335"
"11","ls2","S35","195.169.169.136","35","","2016-07-15 18:42:22","mouseout","0_2_1","1_0_2_4_3","0_0","p_b1","13563","568","8","400","100","0.150943396226","53","0","0","1","0","0","0","0","0","0","0","568","0","0","0","0","0"
"11","ls2","S35","195.169.169.136","35","","2016-07-15 18:42:22","mouseout","0_2_1","1_0_2_4_3","0_0","p_b2","14131","572","9","400","100","0.169811320755","53","0","1","0","0","0","0","0","0","0","572","0","0","0","0","0","0"
"11","ls2","S35","195.169.169.136","35","","2016-07-15 18:42:22","mouseout","0_2_1","1_0_2_4_3","0_0","o_b2","14704","356","10","400","100","0.188679245283","53","1","0","0","0","0","0","0","0","356","0","0","0","0","0","0","0"
"11","ls2","S35","195.169.169.136","35","","2016-07-15 18:42:22","mouseout","0_2_1","1_0_2_4_3","0_0","p_b1","15847","607","11","400","100","0.207547169811","53","0","0","1","0","0","0","0","0","0","0","607","0","0","0","0","0"
"11","ls2","S35","195.169.169.136","35","","2016-07-15 18:42:22","mouseout","0_2_1","1_0_2_4_3","0_0","o_b1","16454","574","12","400","100","0.22641509434","53","0","0","0","1","0","0","0","0","0","0","0","574","0","0","0","0"
"11","ls2","S35","195.169.169.136","35","","2016-07-15 18:42:22","mouseout","0_2_1","1_0_2_4_3","0_0","o_b2","17045","404","13","400","100","0.245283018868","53","1","0","0","0","0","0","0","0","404","0","0","0","0","0","0","0"
"11","ls2","S35","195.169.169.136","35","","2016-07-15 18:42:22","mouseout","0_2_1","1_0_2_4_3","0_0","p_b2","17449","528","14","400","100","0.264150943396","53","0","1","0","0","0","0","0","0","0","528","0","0","0","0","0","0"
"11","ls2","S35","195.169.169.136","35","","2016-07-15 18:42:22","mouseout","0_2_1","1_0_2_4_3","0_0","p_b1","17977","550","15","400","100","0.283018867925","53","0","0","1","0","0","0","0","0","0","0","550","0","0","0","0","0"
"11","ls2","S35","195.169.169.136","35","","2016-07-15 18:42:22","mouseout","0_2_1","1_0_2_4_3","0_0","o_b1","18527","638","16","400","100","0.301886792453","53","0","0","0","1","0","0","0","0","0","0","0","638","0","0","0","0"
"11","ls2","S35","195.169.169.136","35","","2016-07-15 18:42:22","mouseout","0_2_1","1_0_2_4_3","0_0","o_b2","19182","418","17","400","100","0.320754716981","53","1","0","0","0","0","0","0","0","418","0","0","0","0","0","0","0"
"11","ls2","S35","195.169.169.136","35","","2016-07-15 18:42:22","mouseout","0_2_1","1_0_2_4_3","0_0","p_b2","19617","1789","18","400","100","0.339622641509","53","0","1","0","0","0","0","0","0","0","1789","0","0","0","0","0","0"
"11","ls2","S35","195.169.169.136","35","","2016-07-15 18:42:22","mouseout","0_2_1","1_0_2_4_3","0_0","p_b2","23437","1312","19","400","100","0.358490566038","53","0","1","0","0","0","0","0","0","0","1312","0","0","0","0","0","0"
"11","ls2","S35","195.169.169.136","35","","2016-07-15 18:42:22","mouseout","0_2_1","1_0_2_4_3","0_0","o_b2","24765","544","20","400","100","0.377358490566","53","1","0","0","0","0","0","0","0","544","0","0","0","0","0","0","0"
"11","ls2","S35","195.169.169.136","35","","2016-07-15 18:42:22","mouseout","0_2_1","1_0_2_4_3","0_0","p_b2","25309","504","21","400","100","0.396226415094","53","0","1","0","0","0","0","0","0","0","504","0","0","0","0","0","0"
"11","ls2","S35","195.169.169.136","35","","2016-07-15 18:42:22","mouseout","0_2_1","1_0_2_4_3","0_0","o_b2","25899","677","22","400","100","0.415094339623","53","1","0","0","0","0","0","0","0","677","0","0","0","0","0","0","0"
"11","ls2","S35","195.169.169.136","35","","2016-07-15 18:42:22","mouseout","0_2_1","1_0_2_4_3","0_0","o_b1","27028","551","23","400","100","0.433962264151","53","0","0","0","1","0","0","0","0","0","0","0","551","0","0","0","0"
"11","ls2","S35","195.169.169.136","35","","2016-07-15 18:42:22","mouseout","0_2_1","1_0_2_4_3","0_0","p_b1","27579","633","24","400","100","0.452830188679","53","0","0","1","0","0","0","0","0","0","0","633","0","0","0","0","0"
"11","ls2","S35","195.169.169.136","35","","2016-07-15 18:42:22","mouseout","0_2_1","1_0_2_4_3","0_0","o_a1","28315","726","25","400","100","0.471698113208","53","0","0","0","0","0","0","0","1","0","0","0","0","0","0","0","726"
"11","ls2","S35","195.169.169.136","35","","2016-07-15 18:42:22","mouseout","0_2_1","1_0_2_4_3","0_0","p_a1","29074","727","26","400","100","0.490566037736","53","0","0","0","0","1","0","0","0","0","0","0","0","727","0","0","0"
"11","ls2","S35","195.169.169.136","35","","2016-07-15 18:42:22","mouseout","0_2_1","1_0_2_4_3","0_0","p_a2","29818","634","27","400","100","0.509433962264","53","0","0","0","0","0","1","0","0","0","0","0","0","0","634","0","0"
"11","ls2","S35","195.169.169.136","35","","2016-07-15 18:42:22","mouseout","0_2_1","1_0_2_4_3","0_0","o_a2","30469","477","28","400","100","0.528301886792","53","0","0","0","0","0","0","1","0","0","0","0","0","0","0","477","0"
"11","ls2","S35","195.169.169.136","35","","2016-07-15 18:42:22","mouseout","0_2_1","1_0_2_4_3","0_0","o_a1","30963","479","29","400","100","0.547169811321","53","0","0","0","0","0","0","0","1","0","0","0","0","0","0","0","479"
"11","ls2","S35","195.169.169.136","35","","2016-07-15 18:42:22","mouseout","0_2_1","1_0_2_4_3","0_0","p_a1","31459","481","30","400","100","0.566037735849","53","0","0","0","0","1","0","0","0","0","0","0","0","481","0","0","0"
"11","ls2","S35","195.169.169.136","35","","2016-07-15 18:42:22","mouseout","0_2_1","1_0_2_4_3","0_0","p_b2","32043","207","31","400","100","0.584905660377","53","0","1","0","0","0","0","0","0","0","207","0","0","0","0","0","0"
"11","ls2","S35","195.169.169.136","35","","2016-07-15 18:42:22","mouseout","0_2_1","1_0_2_4_3","0_0","p_b1","32266","1517","32","400","100","0.603773584906","53","0","0","1","0","0","0","0","0","0","0","1517","0","0","0","0","0"
"11","ls2","S35","195.169.169.136","35","","2016-07-15 18:42:22","mouseout","0_2_1","1_0_2_4_3","0_0","p_a2","34422","485","33","400","100","0.622641509434","53","0","0","0","0","0","1","0","0","0","0","0","0","0","485","0","0"
"11","ls2","S35","195.169.169.136","35","","2016-07-15 18:42:22","mouseout","0_2_1","1_0_2_4_3","0_0","o_a2","34927","406","34","400","100","0.641509433962","53","0","0","0","0","0","0","1","0","0","0","0","0","0","0","406","0"
"11","ls2","S35","195.169.169.136","35","","2016-07-15 18:42:22","mouseout","0_2_1","1_0_2_4_3","0_0","p_a1","35539","357","35","400","100","0.660377358491","53","0","0","0","0","1","0","0","0","0","0","0","0","357","0","0","0"
"11","ls2","S35","195.169.169.136","35","","2016-07-15 18:42:22","mouseout","0_2_1","1_0_2_4_3","0_0","p_a2","36000","487","36","400","100","0.679245283019","53","0","0","0","0","0","1","0","0","0","0","0","0","0","487","0","0"
"11","ls2","S35","195.169.169.136","35","","2016-07-15 18:42:22","mouseout","0_2_1","1_0_2_4_3","0_0","o_a2","36487","398","37","400","100","0.698113207547","53","0","0","0","0","0","0","1","0","0","0","0","0","0","0","398","0"
"11","ls2","S35","195.169.169.136","35","","2016-07-15 18:42:22","mouseout","0_2_1","1_0_2_4_3","0_0","o_a1","36903","468","38","400","100","0.716981132075","53","0","0","0","0","0","0","0","1","0","0","0","0","0","0","0","468"
"11","ls2","S35","195.169.169.136","35","","2016-07-15 18:42:22","mouseout","0_2_1","1_0_2_4_3","0_0","p_a1","37389","645","39","400","100","0.735849056604","53","0","0","0","0","1","0","0","0","0","0","0","0","645","0","0","0"
"11","ls2","S35","195.169.169.136","35","","2016-07-15 18:42:22","mouseout","0_2_1","1_0_2_4_3","0_0","p_a1","39871","498","40","400","100","0.754716981132","53","0","0","0","0","1","0","0","0","0","0","0","0","498","0","0","0"
"11","ls2","S35","195.169.169.136","35","","2016-07-15 18:42:22","mouseout","0_2_1","1_0_2_4_3","0_0","o_a1","40385","382","41","400","100","0.77358490566","53","0","0","0","0","0","0","0","1","0","0","0","0","0","0","0","382"
"11","ls2","S35","195.169.169.136","35","","2016-07-15 18:42:22","mouseout","0_2_1","1_0_2_4_3","0_0","p_a2","41077","411","42","400","100","0.792452830189","53","0","0","0","0","0","1","0","0","0","0","0","0","0","411","0","0"
"11","ls2","S35","195.169.169.136","35","","2016-07-15 18:42:22","mouseout","0_2_1","1_0_2_4_3","0_0","p_b2","48639","622","43","400","100","0.811320754717","53","0","1","0","0","0","0","0","0","0","622","0","0","0","0","0","0"
"11","ls2","S35","195.169.169.136","35","","2016-07-15 18:42:22","mouseout","0_2_1","1_0_2_4_3","0_0","o_b2","49261","457","44","400","100","0.830188679245","53","1","0","0","0","0","0","0","0","457","0","0","0","0","0","0","0"
"11","ls2","S35","195.169.169.136","35","","2016-07-15 18:42:22","mouseout","0_2_1","1_0_2_4_3","0_0","o_b1","49735","536","45","400","100","0.849056603774","53","0","0","0","1","0","0","0","0","0","0","0","536","0","0","0","0"
"11","ls2","S35","195.169.169.136","35","","2016-07-15 18:42:22","mouseout","0_2_1","1_0_2_4_3","0_0","p_b1","50271","584","46","400","100","0.867924528302","53","0","0","1","0","0","0","0","0","0","0","584","0","0","0","0","0"
"11","ls2","S35","195.169.169.136","35","","2016-07-15 18:42:22","mouseout","0_2_1","1_0_2_4_3","0_0","o_b1","50855","278","47","400","100","0.88679245283","53","0","0","0","1","0","0","0","0","0","0","0","278","0","0","0","0"
"11","ls2","S35","195.169.169.136","35","","2016-07-15 18:42:22","mouseout","0_2_1","1_0_2_4_3","0_0","o_b2","51149","297","48","400","100","0.905660377358","53","1","0","0","0","0","0","0","0","297","0","0","0","0","0","0","0"
"11","ls2","S35","195.169.169.136","35","","2016-07-15 18:42:22","mouseout","0_2_1","1_0_2_4_3","0_0","p_b2","51462","789","49","400","100","0.924528301887","53","0","1","0","0","0","0","0","0","0","789","0","0","0","0","0","0"
"11","ls2","S35","195.169.169.136","35","","2016-07-15 18:42:22","mouseout","0_2_1","1_0_2_4_3","0_0","o_b2","52269","1858","50","400","100","0.943396226415","53","1","0","0","0","0","0","0","0","1858","0","0","0","0","0","0","0"
"11","ls2","S35","195.169.169.136","35","","2016-07-15 18:42:22","mouseout","0_2_1","1_0_2_4_3","0_0","o_b1","54127","327","51","400","100","0.962264150943","53","0","0","0","1","0","0","0","0","0","0","0","327","0","0","0","0"
"11","ls2","S35","195.169.169.136","35","","2016-07-15 18:42:22","mouseout","0_2_1","1_0_2_4_3","0_0","p_b2","54471","429","52","400","100","0.981132075472","53","0","1","0","0","0","0","0","0","0","429","0","0","0","0","0","0"
"11","ls2","S35","195.169.169.136","35","","2016-07-15 18:42:22","mouseout","0_2_1","1_0_2_4_3","0_0","o_b2","54916","584","53","400","100","1","53","1","0","0","0","0","0","0","0","584","0","0","0","0","0","0","0"
"27","ls2","S51","50.197.23.85","51","","2016-07-15 20:15:52","mouseout","0_2_1","1_0_2_4_3","0_0","p_a2","7806","866","1","500","1","0.027027027027","37","0","0","0","0","0","1","0","0","0","0","0","0","0","866","0","0"
"27","ls2","S51","50.197.23.85","51","","2016-07-15 20:15:52","mouseout","0_2_1","1_0_2_4_3","0_0","p_a1","8689","1689","2","500","1","0.0540540540541","37","0","0","0","0","1","0","0","0","0","0","0","0","1689","0","0","0"
"27","ls2","S51","50.197.23.85","51","","2016-07-15 20:15:52","mouseout","0_2_1","1_0_2_4_3","0_0","p_a2","10394","840","3","500","1","0.0810810810811","37","0","0","0","0","0","1","0","0","0","0","0","0","0","840","0","0"
"27","ls2","S51","50.197.23.85","51","","2016-07-15 20:15:52","mouseout","0_2_1","1_0_2_4_3","0_0","p_a1","11284","2047","4","500","1","0.108108108108","37","0","0","0","0","1","0","0","0","0","0","0","0","2047","0","0","0"
"27","ls2","S51","50.197.23.85","51","","2016-07-15 20:15:52","mouseout","0_2_1","1_0_2_4_3","0_0","p_a2","13349","1073","5","500","1","0.135135135135","37","0","0","0","0","0","1","0","0","0","0","0","0","0","1073","0","0"
"27","ls2","S51","50.197.23.85","51","","2016-07-15 20:15:52","mouseout","0_2_1","1_0_2_4_3","0_0","o_a2","14456","1030","6","500","1","0.162162162162","37","0","0","0","0","0","0","1","0","0","0","0","0","0","0","1030","0"
"27","ls2","S51","50.197.23.85","51","","2016-07-15 20:15:52","mouseout","0_2_1","1_0_2_4_3","0_0","o_a1","15504","3036","7","500","1","0.189189189189","37","0","0","0","0","0","0","0","1","0","0","0","0","0","0","0","3036"
"27","ls2","S51","50.197.23.85","51","","2016-07-15 20:15:52","mouseout","0_2_1","1_0_2_4_3","0_0","o_a2","18554","865","8","500","1","0.216216216216","37","0","0","0","0","0","0","1","0","0","0","0","0","0","0","865","0"
"27","ls2","S51","50.197.23.85","51","","2016-07-15 20:15:52","mouseout","0_2_1","1_0_2_4_3","0_0","o_a1","19420","3861","9","500","1","0.243243243243","37","0","0","0","0","0","0","0","1","0","0","0","0","0","0","0","3861"
"27","ls2","S51","50.197.23.85","51","","2016-07-15 20:15:52","mouseout","0_2_1","1_0_2_4_3","0_0","o_a2","23281","484","10","500","1","0.27027027027","37","0","0","0","0","0","0","1","0","0","0","0","0","0","0","484","0"
"27","ls2","S51","50.197.23.85","51","","2016-07-15 20:15:52","mouseout","0_2_1","1_0_2_4_3","0_0","o_a1","23799","316","11","500","1","0.297297297297","37","0","0","0","0","0","0","0","1","0","0","0","0","0","0","0","316"
"27","ls2","S51","50.197.23.85","51","","2016-07-15 20:15:52","mouseout","0_2_1","1_0_2_4_3","0_0","p_b2","24647","1288","12","500","1","0.324324324324","37","0","1","0","0","0","0","0","0","0","1288","0","0","0","0","0","0"
"27","ls2","S51","50.197.23.85","51","","2016-07-15 20:15:52","mouseout","0_2_1","1_0_2_4_3","0_0","o_b2","42177","327","13","500","1","0.351351351351","37","1","0","0","0","0","0","0","0","327","0","0","0","0","0","0","0"
"27","ls2","S51","50.197.23.85","51","","2016-07-15 20:15:52","mouseout","0_2_1","1_0_2_4_3","0_0","o_b1","43454","599","14","500","1","0.378378378378","37","0","0","0","1","0","0","0","0","0","0","0","599","0","0","0","0"
"27","ls2","S51","50.197.23.85","51","","2016-07-15 20:15:52","mouseout","0_2_1","1_0_2_4_3","0_0","p_b1","44071","428","15","500","1","0.405405405405","37","0","0","1","0","0","0","0","0","0","0","428","0","0","0","0","0"
"27","ls2","S51","50.197.23.85","51","","2016-07-15 20:15:52","mouseout","0_2_1","1_0_2_4_3","0_0","p_b2","44516","204","16","500","1","0.432432432432","37","0","1","0","0","0","0","0","0","0","204","0","0","0","0","0","0"
"27","ls2","S51","50.197.23.85","51","","2016-07-15 20:15:52","mouseout","0_2_1","1_0_2_4_3","0_0","o_b1","88267","473","17","500","1","0.459459459459","37","0","0","0","1","0","0","0","0","0","0","0","473","0","0","0","0"
"27","ls2","S51","50.197.23.85","51","","2016-07-15 20:15:52","mouseout","0_2_1","1_0_2_4_3","0_0","p_b1","92675","4339","18","500","1","0.486486486486","37","0","0","1","0","0","0","0","0","0","0","4339","0","0","0","0","0"
"27","ls2","S51","50.197.23.85","51","","2016-07-15 20:15:52","mouseout","0_2_1","1_0_2_4_3","0_0","o_a2","152310","268","19","500","1","0.513513513514","37","0","0","0","0","0","0","1","0","0","0","0","0","0","0","268","0"
"27","ls2","S51","50.197.23.85","51","","2016-07-15 20:15:52","mouseout","0_2_1","1_0_2_4_3","0_0","p_a2","152578","764","20","500","1","0.540540540541","37","0","0","0","0","0","1","0","0","0","0","0","0","0","764","0","0"
"27","ls2","S51","50.197.23.85","51","","2016-07-15 20:15:52","mouseout","0_2_1","1_0_2_4_3","0_0","o_a2","153357","1157","21","500","1","0.567567567568","37","0","0","0","0","0","0","1","0","0","0","0","0","0","0","1157","0"
"27","ls2","S51","50.197.23.85","51","","2016-07-15 20:15:52","mouseout","0_2_1","1_0_2_4_3","0_0","p_b2","155205","1176","22","500","1","0.594594594595","37","0","1","0","0","0","0","0","0","0","1176","0","0","0","0","0","0"
"27","ls2","S51","50.197.23.85","51","","2016-07-15 20:15:52","mouseout","0_2_1","1_0_2_4_3","0_0","p_b1","156816","1219","23","500","1","0.621621621622","37","0","0","1","0","0","0","0","0","0","0","1219","0","0","0","0","0"
"27","ls2","S51","50.197.23.85","51","","2016-07-15 20:15:52","mouseout","0_2_1","1_0_2_4_3","0_0","o_b1","158035","1031","24","500","1","0.648648648649","37","0","0","0","1","0","0","0","0","0","0","0","1031","0","0","0","0"
"27","ls2","S51","50.197.23.85","51","","2016-07-15 20:15:52","mouseout","0_2_1","1_0_2_4_3","0_0","o_b2","159083","814","25","500","1","0.675675675676","37","1","0","0","0","0","0","0","0","814","0","0","0","0","0","0","0"
"27","ls2","S51","50.197.23.85","51","","2016-07-15 20:15:52","mouseout","0_2_1","1_0_2_4_3","0_0","o_a1","160387","610","26","500","1","0.702702702703","37","0","0","0","0","0","0","0","1","0","0","0","0","0","0","0","610"
"27","ls2","S51","50.197.23.85","51","","2016-07-15 20:15:52","mouseout","0_2_1","1_0_2_4_3","0_0","o_a2","161032","1318","27","500","1","0.72972972973","37","0","0","0","0","0","0","1","0","0","0","0","0","0","0","1318","0"
"27","ls2","S51","50.197.23.85","51","","2016-07-15 20:15:52","mouseout","0_2_1","1_0_2_4_3","0_0","p_a2","162369","753","28","500","1","0.756756756757","37","0","0","0","0","0","1","0","0","0","0","0","0","0","753","0","0"
"27","ls2","S51","50.197.23.85","51","","2016-07-15 20:15:52","mouseout","0_2_1","1_0_2_4_3","0_0","p_a1","163140","474","29","500","1","0.783783783784","37","0","0","0","0","1","0","0","0","0","0","0","0","474","0","0","0"
"27","ls2","S51","50.197.23.85","51","","2016-07-15 20:15:52","mouseout","0_2_1","1_0_2_4_3","0_0","o_a1","167987","750","30","500","1","0.810810810811","37","0","0","0","0","0","0","0","1","0","0","0","0","0","0","0","750"
"27","ls2","S51","50.197.23.85","51","","2016-07-15 20:15:52","mouseout","0_2_1","1_0_2_4_3","0_0","o_a2","168755","1737","31","500","1","0.837837837838","37","0","0","0","0","0","0","1","0","0","0","0","0","0","0","1737","0"
"27","ls2","S51","50.197.23.85","51","","2016-07-15 20:15:52","mouseout","0_2_1","1_0_2_4_3","0_0","o_a2","172442","405","32","500","1","0.864864864865","37","0","0","0","0","0","0","1","0","0","0","0","0","0","0","405","0"
"27","ls2","S51","50.197.23.85","51","","2016-07-15 20:15:52","mouseout","0_2_1","1_0_2_4_3","0_0","p_b1","174163","787","33","500","1","0.891891891892","37","0","0","1","0","0","0","0","0","0","0","787","0","0","0","0","0"
"27","ls2","S51","50.197.23.85","51","","2016-07-15 20:15:52","mouseout","0_2_1","1_0_2_4_3","0_0","p_b2","174950","1227","34","500","1","0.918918918919","37","0","1","0","0","0","0","0","0","0","1227","0","0","0","0","0","0"
"27","ls2","S51","50.197.23.85","51","","2016-07-15 20:15:52","mouseout","0_2_1","1_0_2_4_3","0_0","p_b2","176811","621","35","500","1","0.945945945946","37","0","1","0","0","0","0","0","0","0","621","0","0","0","0","0","0"
"27","ls2","S51","50.197.23.85","51","","2016-07-15 20:15:52","mouseout","0_2_1","1_0_2_4_3","0_0","p_b1","177830","1614","36","500","1","0.972972972973","37","0","0","1","0","0","0","0","0","0","0","1614","0","0","0","0","0"
"27","ls2","S51","50.197.23.85","51","","2016-07-15 20:15:52","mouseout","0_2_1","1_0_2_4_3","0_0","p_b2","180141","1210","37","500","1","1","37","0","1","0","0","0","0","0","0","0","1210","0","0","0","0","0","0"
"38","ls2","S55","213.127.85.116","55","","2016-07-15 20:36:29","mouseout","0_2_1","1_0_2_4_3","0_0","p_a2","12579","880","1","100","100","0.1","10","0","0","0","0","0","1","0","0","0","0","0","0","0","880","0","0"
"38","ls2","S55","213.127.85.116","55","","2016-07-15 20:36:29","mouseout","0_2_1","1_0_2_4_3","0_0","p_a1","13499","2842","2","100","100","0.2","10","0","0","0","0","1","0","0","0","0","0","0","0","2842","0","0","0"
"38","ls2","S55","213.127.85.116","55","","2016-07-15 20:36:29","mouseout","0_2_1","1_0_2_4_3","0_0","o_a2","16382","690","3","100","100","0.3","10","0","0","0","0","0","0","1","0","0","0","0","0","0","0","690","0"
"38","ls2","S55","213.127.85.116","55","","2016-07-15 20:36:29","mouseout","0_2_1","1_0_2_4_3","0_0","o_a1","17087","1374","4","100","100","0.4","10","0","0","0","0","0","0","0","1","0","0","0","0","0","0","0","1374"
"38","ls2","S55","213.127.85.116","55","","2016-07-15 20:36:29","mouseout","0_2_1","1_0_2_4_3","0_0","p_a1","18477","834","5","100","100","0.5","10","0","0","0","0","1","0","0","0","0","0","0","0","834","0","0","0"
"38","ls2","S55","213.127.85.116","55","","2016-07-15 20:36:29","mouseout","0_2_1","1_0_2_4_3","0_0","o_a1","19327","1411","6","100","100","0.6","10","0","0","0","0","0","0","0","1","0","0","0","0","0","0","0","1411"
"38","ls2","S55","213.127.85.116","55","","2016-07-15 20:36:29","mouseout","0_2_1","1_0_2_4_3","0_0","p_b2","36676","785","7","100","100","0.7","10","0","1","0","0","0","0","0","0","0","785","0","0","0","0","0","0"
"38","ls2","S55","213.127.85.116","55","","2016-07-15 20:36:29","mouseout","0_2_1","1_0_2_4_3","0_0","o_b2","37477","463","8","100","100","0.8","10","1","0","0","0","0","0","0","0","463","0","0","0","0","0","0","0"
"38","ls2","S55","213.127.85.116","55","","2016-07-15 20:36:29","mouseout","0_2_1","1_0_2_4_3","0_0","p_b1","38329","495","9","100","100","0.9","10","0","0","1","0","0","0","0","0","0","0","495","0","0","0","0","0"
"38","ls2","S55","213.127.85.116","55","","2016-07-15 20:36:29","mouseout","0_2_1","1_0_2_4_3","0_0","o_b1","38840","2009","10","100","100","1","10","0","0","0","1","0","0","0","0","0","0","0","2009","0","0","0","0"
"46","ls2","S59","74.134.138.203","59","","2016-07-15 20:53:46","mouseout","0_2_1","1_0_2_4_3","0_0","p_a2","13583","2395","1","$1","$5","0.0909090909091","11","0","0","0","0","0","1","0","0","0","0","0","0","0","2395","0","0"
"46","ls2","S59","74.134.138.203","59","","2016-07-15 20:53:46","mouseout","0_2_1","1_0_2_4_3","0_0","p_a1","15978","1255","2","$1","$5","0.181818181818","11","0","0","0","0","1","0","0","0","0","0","0","0","1255","0","0","0"
"46","ls2","S59","74.134.138.203","59","","2016-07-15 20:53:46","mouseout","0_2_1","1_0_2_4_3","0_0","p_a2","17249","299","3","$1","$5","0.272727272727","11","0","0","0","0","0","1","0","0","0","0","0","0","0","299","0","0"
"46","ls2","S59","74.134.138.203","59","","2016-07-15 20:53:46","mouseout","0_2_1","1_0_2_4_3","0_0","o_a2","17897","2789","4","$1","$5","0.363636363636","11","0","0","0","0","0","0","1","0","0","0","0","0","0","0","2789","0"
"46","ls2","S59","74.134.138.203","59","","2016-07-15 20:53:46","mouseout","0_2_1","1_0_2_4_3","0_0","o_a1","20686","3188","5","$1","$5","0.454545454545","11","0","0","0","0","0","0","0","1","0","0","0","0","0","0","0","3188"
"46","ls2","S59","74.134.138.203","59","","2016-07-15 20:53:46","mouseout","0_2_1","1_0_2_4_3","0_0","o_a2","24935","435","6","$1","$5","0.545454545455","11","0","0","0","0","0","0","1","0","0","0","0","0","0","0","435","0"
"46","ls2","S59","74.134.138.203","59","","2016-07-15 20:53:46","mouseout","0_2_1","1_0_2_4_3","0_0","o_a1","25401","1366","7","$1","$5","0.636363636364","11","0","0","0","0","0","0","0","1","0","0","0","0","0","0","0","1366"
"46","ls2","S59","74.134.138.203","59","","2016-07-15 20:53:46","mouseout","0_2_1","1_0_2_4_3","0_0","p_b2","27803","1256","8","$1","$5","0.727272727273","11","0","1","0","0","0","0","0","0","0","1256","0","0","0","0","0","0"
"46","ls2","S59","74.134.138.203","59","","2016-07-15 20:53:46","mouseout","0_2_1","1_0_2_4_3","0_0","p_b1","29158","1390","9","$1","$5","0.818181818182","11","0","0","1","0","0","0","0","0","0","0","1390","0","0","0","0","0"
"46","ls2","S59","74.134.138.203","59","","2016-07-15 20:53:46","mouseout","0_2_1","1_0_2_4_3","0_0","o_b2","31251","750","10","$1","$5","0.909090909091","11","1","0","0","0","0","0","0","0","750","0","0","0","0","0","0","0"
"46","ls2","S59","74.134.138.203","59","","2016-07-15 20:53:46","mouseout","0_2_1","1_0_2_4_3","0_0","o_b1","32124","1144","11","$1","$5","1","11","0","0","0","1","0","0","0","0","0","0","0","1144","0","0","0","0"
"56","ls2","S63","192.68.112.173","63","","2016-07-15 21:25:08","mouseout","0_2_1","1_0_2_4_3","0_0","p_a2","13067","1123","1","$4","$30","0.0138888888889","72","0","0","0","0","0","1","0","0","0","0","0","0","0","1123","0","0"
"56","ls2","S63","192.68.112.173","63","","2016-07-15 21:25:08","mouseout","0_2_1","1_0_2_4_3","0_0","o_a2","14190","1940","2","$4","$30","0.0277777777778","72","0","0","0","0","0","0","1","0","0","0","0","0","0","0","1940","0"
"56","ls2","S63","192.68.112.173","63","","2016-07-15 21:25:08","mouseout","0_2_1","1_0_2_4_3","0_0","p_a2","16140","1340","3","$4","$30","0.0416666666667","72","0","0","0","0","0","1","0","0","0","0","0","0","0","1340","0","0"
"56","ls2","S63","192.68.112.173","63","","2016-07-15 21:25:08","mouseout","0_2_1","1_0_2_4_3","0_0","o_a2","17490","410","4","$4","$30","0.0555555555556","72","0","0","0","0","0","0","1","0","0","0","0","0","0","0","410","0"
"56","ls2","S63","192.68.112.173","63","","2016-07-15 21:25:08","mouseout","0_2_1","1_0_2_4_3","0_0","p_a2","17900","989","5","$4","$30","0.0694444444444","72","0","0","0","0","0","1","0","0","0","0","0","0","0","989","0","0"
"56","ls2","S63","192.68.112.173","63","","2016-07-15 21:25:08","mouseout","0_2_1","1_0_2_4_3","0_0","p_a1","18899","1361","6","$4","$30","0.0833333333333","72","0","0","0","0","1","0","0","0","0","0","0","0","1361","0","0","0"
"56","ls2","S63","192.68.112.173","63","","2016-07-15 21:25:08","mouseout","0_2_1","1_0_2_4_3","0_0","o_a1","20270","662","7","$4","$30","0.0972222222222","72","0","0","0","0","0","0","0","1","0","0","0","0","0","0","0","662"
"56","ls2","S63","192.68.112.173","63","","2016-07-15 21:25:08","mouseout","0_2_1","1_0_2_4_3","0_0","p_a1","20955","305","8","$4","$30","0.111111111111","72","0","0","0","0","1","0","0","0","0","0","0","0","305","0","0","0"
"56","ls2","S63","192.68.112.173","63","","2016-07-15 21:25:08","mouseout","0_2_1","1_0_2_4_3","0_0","o_a2","21270","543","9","$4","$30","0.125","72","0","0","0","0","0","0","1","0","0","0","0","0","0","0","543","0"
"56","ls2","S63","192.68.112.173","63","","2016-07-15 21:25:08","mouseout","0_2_1","1_0_2_4_3","0_0","p_a1","21856","1504","10","$4","$30","0.138888888889","72","0","0","0","0","1","0","0","0","0","0","0","0","1504","0","0","0"
"56","ls2","S63","192.68.112.173","63","","2016-07-15 21:25:08","mouseout","0_2_1","1_0_2_4_3","0_0","p_b2","23680","2262","11","$4","$30","0.152777777778","72","0","1","0","0","0","0","0","0","0","2262","0","0","0","0","0","0"
"56","ls2","S63","192.68.112.173","63","","2016-07-15 21:25:08","mouseout","0_2_1","1_0_2_4_3","0_0","o_a1","26019","283","12","$4","$30","0.166666666667","72","0","0","0","0","0","0","0","1","0","0","0","0","0","0","0","283"
"56","ls2","S63","192.68.112.173","63","","2016-07-15 21:25:08","mouseout","0_2_1","1_0_2_4_3","0_0","p_a1","26329","892","13","$4","$30","0.180555555556","72","0","0","0","0","1","0","0","0","0","0","0","0","892","0","0","0"
"56","ls2","S63","192.68.112.173","63","","2016-07-15 21:25:08","mouseout","0_2_1","1_0_2_4_3","0_0","p_b2","27482","527","14","$4","$30","0.194444444444","72","0","1","0","0","0","0","0","0","0","527","0","0","0","0","0","0"
"56","ls2","S63","192.68.112.173","63","","2016-07-15 21:25:08","mouseout","0_2_1","1_0_2_4_3","0_0","p_b1","28009","1376","15","$4","$30","0.208333333333","72","0","0","1","0","0","0","0","0","0","0","1376","0","0","0","0","0"
"56","ls2","S63","192.68.112.173","63","","2016-07-15 21:25:08","mouseout","0_2_1","1_0_2_4_3","0_0","o_b1","29415","1209","16","$4","$30","0.222222222222","72","0","0","0","1","0","0","0","0","0","0","0","1209","0","0","0","0"
"56","ls2","S63","192.68.112.173","63","","2016-07-15 21:25:08","mouseout","0_2_1","1_0_2_4_3","0_0","o_a1","30996","472","17","$4","$30","0.236111111111","72","0","0","0","0","0","0","0","1","0","0","0","0","0","0","0","472"
"56","ls2","S63","192.68.112.173","63","","2016-07-15 21:25:08","mouseout","0_2_1","1_0_2_4_3","0_0","o_a2","31478","757","18","$4","$30","0.25","72","0","0","0","0","0","0","1","0","0","0","0","0","0","0","757","0"
"56","ls2","S63","192.68.112.173","63","","2016-07-15 21:25:08","mouseout","0_2_1","1_0_2_4_3","0_0","o_b2","32345","613","19","$4","$30","0.263888888889","72","1","0","0","0","0","0","0","0","613","0","0","0","0","0","0","0"
"56","ls2","S63","192.68.112.173","63","","2016-07-15 21:25:08","mouseout","0_2_1","1_0_2_4_3","0_0","o_b1","32968","617","20","$4","$30","0.277777777778","72","0","0","0","1","0","0","0","0","0","0","0","617","0","0","0","0"
"56","ls2","S63","192.68.112.173","63","","2016-07-15 21:25:08","mouseout","0_2_1","1_0_2_4_3","0_0","p_b1","33617","1198","21","$4","$30","0.291666666667","72","0","0","1","0","0","0","0","0","0","0","1198","0","0","0","0","0"
"56","ls2","S63","192.68.112.173","63","","2016-07-15 21:25:08","mouseout","0_2_1","1_0_2_4_3","0_0","p_a1","35281","1486","22","$4","$30","0.305555555556","72","0","0","0","0","1","0","0","0","0","0","0","0","1486","0","0","0"
"56","ls2","S63","192.68.112.173","63","","2016-07-15 21:25:08","mouseout","0_2_1","1_0_2_4_3","0_0","o_a1","36805","984","23","$4","$30","0.319444444444","72","0","0","0","0","0","0","0","1","0","0","0","0","0","0","0","984"
"56","ls2","S63","192.68.112.173","63","","2016-07-15 21:25:08","mouseout","0_2_1","1_0_2_4_3","0_0","o_a2","37811","383","24","$4","$30","0.333333333333","72","0","0","0","0","0","0","1","0","0","0","0","0","0","0","383","0"
"56","ls2","S63","192.68.112.173","63","","2016-07-15 21:25:08","mouseout","0_2_1","1_0_2_4_3","0_0","p_a2","38257","794","25","$4","$30","0.347222222222","72","0","0","0","0","0","1","0","0","0","0","0","0","0","794","0","0"
"56","ls2","S63","192.68.112.173","63","","2016-07-15 21:25:08","mouseout","0_2_1","1_0_2_4_3","0_0","p_a1","39087","945","26","$4","$30","0.361111111111","72","0","0","0","0","1","0","0","0","0","0","0","0","945","0","0","0"
"56","ls2","S63","192.68.112.173","63","","2016-07-15 21:25:08","mouseout","0_2_1","1_0_2_4_3","0_0","p_a2","40042","415","27","$4","$30","0.375","72","0","0","0","0","0","1","0","0","0","0","0","0","0","415","0","0"
"56","ls2","S63","192.68.112.173","63","","2016-07-15 21:25:08","mouseout","0_2_1","1_0_2_4_3","0_0","p_a1","40467","747","28","$4","$30","0.388888888889","72","0","0","0","0","1","0","0","0","0","0","0","0","747","0","0","0"
"56","ls2","S63","192.68.112.173","63","","2016-07-15 21:25:08","mouseout","0_2_1","1_0_2_4_3","0_0","p_b1","41380","483","29","$4","$30","0.402777777778","72","0","0","1","0","0","0","0","0","0","0","483","0","0","0","0","0"
"56","ls2","S63","192.68.112.173","63","","2016-07-15 21:25:08","mouseout","0_2_1","1_0_2_4_3","0_0","p_b2","41863","1952","30","$4","$30","0.416666666667","72","0","1","0","0","0","0","0","0","0","1952","0","0","0","0","0","0"
"56","ls2","S63","192.68.112.173","63","","2016-07-15 21:25:08","mouseout","0_2_1","1_0_2_4_3","0_0","o_b2","43825","851","31","$4","$30","0.430555555556","72","1","0","0","0","0","0","0","0","851","0","0","0","0","0","0","0"
"56","ls2","S63","192.68.112.173","63","","2016-07-15 21:25:08","mouseout","0_2_1","1_0_2_4_3","0_0","p_b2","44676","414","32","$4","$30","0.444444444444","72","0","1","0","0","0","0","0","0","0","414","0","0","0","0","0","0"
"56","ls2","S63","192.68.112.173","63","","2016-07-15 21:25:08","mouseout","0_2_1","1_0_2_4_3","0_0","o_a2","45243","634","33","$4","$30","0.458333333333","72","0","0","0","0","0","0","1","0","0","0","0","0","0","0","634","0"
"56","ls2","S63","192.68.112.173","63","","2016-07-15 21:25:08","mouseout","0_2_1","1_0_2_4_3","0_0","o_b2","45975","408","34","$4","$30","0.472222222222","72","1","0","0","0","0","0","0","0","408","0","0","0","0","0","0","0"
"56","ls2","S63","192.68.112.173","63","","2016-07-15 21:25:08","mouseout","0_2_1","1_0_2_4_3","0_0","o_b1","46383","612","35","$4","$30","0.486111111111","72","0","0","0","1","0","0","0","0","0","0","0","612","0","0","0","0"
"56","ls2","S63","192.68.112.173","63","","2016-07-15 21:25:08","mouseout","0_2_1","1_0_2_4_3","0_0","p_b1","46995","391","36","$4","$30","0.5","72","0","0","1","0","0","0","0","0","0","0","391","0","0","0","0","0"
"56","ls2","S63","192.68.112.173","63","","2016-07-15 21:25:08","mouseout","0_2_1","1_0_2_4_3","0_0","o_a1","47663","1627","37","$4","$30","0.513888888889","72","0","0","0","0","0","0","0","1","0","0","0","0","0","0","0","1627"
"56","ls2","S63","192.68.112.173","63","","2016-07-15 21:25:08","mouseout","0_2_1","1_0_2_4_3","0_0","p_b1","49356","277","38","$4","$30","0.527777777778","72","0","0","1","0","0","0","0","0","0","0","277","0","0","0","0","0"
"56","ls2","S63","192.68.112.173","63","","2016-07-15 21:25:08","mouseout","0_2_1","1_0_2_4_3","0_0","p_b2","49633","507","39","$4","$30","0.541666666667","72","0","1","0","0","0","0","0","0","0","507","0","0","0","0","0","0"
"56","ls2","S63","192.68.112.173","63","","2016-07-15 21:25:08","mouseout","0_2_1","1_0_2_4_3","0_0","p_b1","50161","321","40","$4","$30","0.555555555556","72","0","0","1","0","0","0","0","0","0","0","321","0","0","0","0","0"
"56","ls2","S63","192.68.112.173","63","","2016-07-15 21:25:08","mouseout","0_2_1","1_0_2_4_3","0_0","o_b2","50535","331","41","$4","$30","0.569444444444","72","1","0","0","0","0","0","0","0","331","0","0","0","0","0","0","0"
"56","ls2","S63","192.68.112.173","63","","2016-07-15 21:25:08","mouseout","0_2_1","1_0_2_4_3","0_0","o_b1","50866","420","42","$4","$30","0.583333333333","72","0","0","0","1","0","0","0","0","0","0","0","420","0","0","0","0"
"56","ls2","S63","192.68.112.173","63","","2016-07-15 21:25:08","mouseout","0_2_1","1_0_2_4_3","0_0","o_a1","51733","297","43","$4","$30","0.597222222222","72","0","0","0","0","0","0","0","1","0","0","0","0","0","0","0","297"
"56","ls2","S63","192.68.112.173","63","","2016-07-15 21:25:08","mouseout","0_2_1","1_0_2_4_3","0_0","o_a2","52040","609","44","$4","$30","0.611111111111","72","0","0","0","0","0","0","1","0","0","0","0","0","0","0","609","0"
"56","ls2","S63","192.68.112.173","63","","2016-07-15 21:25:08","mouseout","0_2_1","1_0_2_4_3","0_0","o_a1","52659","357","45","$4","$30","0.625","72","0","0","0","0","0","0","0","1","0","0","0","0","0","0","0","357"
"56","ls2","S63","192.68.112.173","63","","2016-07-15 21:25:08","mouseout","0_2_1","1_0_2_4_3","0_0","o_b1","53223","600","46","$4","$30","0.638888888889","72","0","0","0","1","0","0","0","0","0","0","0","600","0","0","0","0"
"56","ls2","S63","192.68.112.173","63","","2016-07-15 21:25:08","mouseout","0_2_1","1_0_2_4_3","0_0","o_a2","54101","1456","47","$4","$30","0.652777777778","72","0","0","0","0","0","0","1","0","0","0","0","0","0","0","1456","0"
"56","ls2","S63","192.68.112.173","63","","2016-07-15 21:25:08","mouseout","0_2_1","1_0_2_4_3","0_0","o_a1","55567","699","48","$4","$30","0.666666666667","72","0","0","0","0","0","0","0","1","0","0","0","0","0","0","0","699"
"56","ls2","S63","192.68.112.173","63","","2016-07-15 21:25:08","mouseout","0_2_1","1_0_2_4_3","0_0","o_a2","56276","3497","49","$4","$30","0.680555555556","72","0","0","0","0","0","0","1","0","0","0","0","0","0","0","3497","0"
"56","ls2","S63","192.68.112.173","63","","2016-07-15 21:25:08","mouseout","0_2_1","1_0_2_4_3","0_0","o_a1","60022","366","50","$4","$30","0.694444444444","72","0","0","0","0","0","0","0","1","0","0","0","0","0","0","0","366"
"56","ls2","S63","192.68.112.173","63","","2016-07-15 21:25:08","mouseout","0_2_1","1_0_2_4_3","0_0","o_b2","60745","694","51","$4","$30","0.708333333333","72","1","0","0","0","0","0","0","0","694","0","0","0","0","0","0","0"
"56","ls2","S63","192.68.112.173","63","","2016-07-15 21:25:08","mouseout","0_2_1","1_0_2_4_3","0_0","o_a2","61714","558","52","$4","$30","0.722222222222","72","0","0","0","0","0","0","1","0","0","0","0","0","0","0","558","0"
"56","ls2","S63","192.68.112.173","63","","2016-07-15 21:25:08","mouseout","0_2_1","1_0_2_4_3","0_0","o_a1","62297","341","53","$4","$30","0.736111111111","72","0","0","0","0","0","0","0","1","0","0","0","0","0","0","0","341"
"56","ls2","S63","192.68.112.173","63","","2016-07-15 21:25:08","mouseout","0_2_1","1_0_2_4_3","0_0","o_b1","63155","566","54","$4","$30","0.75","72","0","0","0","1","0","0","0","0","0","0","0","566","0","0","0","0"
"56","ls2","S63","192.68.112.173","63","","2016-07-15 21:25:08","mouseout","0_2_1","1_0_2_4_3","0_0","o_a1","63988","373","55","$4","$30","0.763888888889","72","0","0","0","0","0","0","0","1","0","0","0","0","0","0","0","373"
"56","ls2","S63","192.68.112.173","63","","2016-07-15 21:25:08","mouseout","0_2_1","1_0_2_4_3","0_0","o_a2","64371","370","56","$4","$30","0.777777777778","72","0","0","0","0","0","0","1","0","0","0","0","0","0","0","370","0"
"56","ls2","S63","192.68.112.173","63","","2016-07-15 21:25:08","mouseout","0_2_1","1_0_2_4_3","0_0","o_a1","64741","592","57","$4","$30","0.791666666667","72","0","0","0","0","0","0","0","1","0","0","0","0","0","0","0","592"
"56","ls2","S63","192.68.112.173","63","","2016-07-15 21:25:08","mouseout","0_2_1","1_0_2_4_3","0_0","o_b2","65491","227","58","$4","$30","0.805555555556","72","1","0","0","0","0","0","0","0","227","0","0","0","0","0","0","0"
"56","ls2","S63","192.68.112.173","63","","2016-07-15 21:25:08","mouseout","0_2_1","1_0_2_4_3","0_0","o_b1","65728","543","59","$4","$30","0.819444444444","72","0","0","0","1","0","0","0","0","0","0","0","543","0","0","0","0"
"56","ls2","S63","192.68.112.173","63","","2016-07-15 21:25:08","mouseout","0_2_1","1_0_2_4_3","0_0","o_b2","66281","315","60","$4","$30","0.833333333333","72","1","0","0","0","0","0","0","0","315","0","0","0","0","0","0","0"
"56","ls2","S63","192.68.112.173","63","","2016-07-15 21:25:08","mouseout","0_2_1","1_0_2_4_3","0_0","o_b1","66596","996","61","$4","$30","0.847222222222","72","0","0","0","1","0","0","0","0","0","0","0","996","0","0","0","0"
"56","ls2","S63","192.68.112.173","63","","2016-07-15 21:25:08","mouseout","0_2_1","1_0_2_4_3","0_0","o_b2","67615","2445","62","$4","$30","0.861111111111","72","1","0","0","0","0","0","0","0","2445","0","0","0","0","0","0","0"
"56","ls2","S63","192.68.112.173","63","","2016-07-15 21:25:08","mouseout","0_2_1","1_0_2_4_3","0_0","o_b1","70083","4341","63","$4","$30","0.875","72","0","0","0","1","0","0","0","0","0","0","0","4341","0","0","0","0"
"56","ls2","S63","192.68.112.173","63","","2016-07-15 21:25:08","mouseout","0_2_1","1_0_2_4_3","0_0","o_b2","74434","409","64","$4","$30","0.888888888889","72","1","0","0","0","0","0","0","0","409","0","0","0","0","0","0","0"
"56","ls2","S63","192.68.112.173","63","","2016-07-15 21:25:08","mouseout","0_2_1","1_0_2_4_3","0_0","p_b2","74853","743","65","$4","$30","0.902777777778","72","0","1","0","0","0","0","0","0","0","743","0","0","0","0","0","0"
"56","ls2","S63","192.68.112.173","63","","2016-07-15 21:25:08","mouseout","0_2_1","1_0_2_4_3","0_0","p_b1","75606","407","66","$4","$30","0.916666666667","72","0","0","1","0","0","0","0","0","0","0","407","0","0","0","0","0"
"56","ls2","S63","192.68.112.173","63","","2016-07-15 21:25:08","mouseout","0_2_1","1_0_2_4_3","0_0","o_b1","76023","267","67","$4","$30","0.930555555556","72","0","0","0","1","0","0","0","0","0","0","0","267","0","0","0","0"
"56","ls2","S63","192.68.112.173","63","","2016-07-15 21:25:08","mouseout","0_2_1","1_0_2_4_3","0_0","o_b2","76300","1021","68","$4","$30","0.944444444444","72","1","0","0","0","0","0","0","0","1021","0","0","0","0","0","0","0"
"56","ls2","S63","192.68.112.173","63","","2016-07-15 21:25:08","mouseout","0_2_1","1_0_2_4_3","0_0","o_a1","81601","482","69","$4","$30","0.958333333333","72","0","0","0","0","0","0","0","1","0","0","0","0","0","0","0","482"
"56","ls2","S63","192.68.112.173","63","","2016-07-15 21:25:08","mouseout","0_2_1","1_0_2_4_3","0_0","o_a2","82104","586","70","$4","$30","0.972222222222","72","0","0","0","0","0","0","1","0","0","0","0","0","0","0","586","0"
"56","ls2","S63","192.68.112.173","63","","2016-07-15 21:25:08","mouseout","0_2_1","1_0_2_4_3","0_0","p_a2","83121","381","71","$4","$30","0.986111111111","72","0","0","0","0","0","1","0","0","0","0","0","0","0","381","0","0"
"56","ls2","S63","192.68.112.173","63","","2016-07-15 21:25:08","mouseout","0_2_1","1_0_2_4_3","0_0","p_a1","83526","311","72","$4","$30","1","72","0","0","0","0","1","0","0","0","0","0","0","0","311","0","0","0"
"60","ls2","S65","188.207.114.169","65","","2016-07-15 21:51:06","mouseout","0_2_1","0_1_2_3_4","0_0","o_b1","15768","5904","1","500","230","0.333333333333","3","0","0","0","1","0","0","0","0","0","0","0","5904","0","0","0","0"
"60","ls2","S65","188.207.114.169","65","","2016-07-15 21:51:06","mouseout","0_2_1","0_1_2_3_4","0_0","p_b2","21674","2733","2","500","230","0.666666666667","3","0","1","0","0","0","0","0","0","0","2733","0","0","0","0","0","0"
"60","ls2","S65","188.207.114.169","65","","2016-07-15 21:51:06","mouseout","0_2_1","0_1_2_3_4","0_0","p_b1","24408","666","3","500","230","1","3","0","0","1","0","0","0","0","0","0","0","666","0","0","0","0","0"
"66","ls2","S67","213.126.58.10","67","","2016-07-15 21:59:54","mouseout","0_2_1","1_0_2_4_3","0_0","p_a1","42951","1392","1","5","0","0.0357142857143","28","0","0","0","0","1","0","0","0","0","0","0","0","1392","0","0","0"
"66","ls2","S67","213.126.58.10","67","","2016-07-15 21:59:54","mouseout","0_2_1","1_0_2_4_3","0_0","p_a2","44367","5628","2","5","0","0.0714285714286","28","0","0","0","0","0","1","0","0","0","0","0","0","0","5628","0","0"
"66","ls2","S67","213.126.58.10","67","","2016-07-15 21:59:54","mouseout","0_2_1","1_0_2_4_3","0_0","p_a1","50018","2244","3","5","0","0.107142857143","28","0","0","0","0","1","0","0","0","0","0","0","0","2244","0","0","0"
"66","ls2","S67","213.126.58.10","67","","2016-07-15 21:59:54","mouseout","0_2_1","1_0_2_4_3","0_0","p_a1","53850","1673","4","5","0","0.142857142857","28","0","0","0","0","1","0","0","0","0","0","0","0","1673","0","0","0"
"66","ls2","S67","213.126.58.10","67","","2016-07-15 21:59:54","mouseout","0_2_1","1_0_2_4_3","0_0","p_a2","55571","2171","5","5","0","0.178571428571","28","0","0","0","0","0","1","0","0","0","0","0","0","0","2171","0","0"
"66","ls2","S67","213.126.58.10","67","","2016-07-15 21:59:54","mouseout","0_2_1","1_0_2_4_3","0_0","o_a2","57767","4512","6","5","0","0.214285714286","28","0","0","0","0","0","0","1","0","0","0","0","0","0","0","4512","0"
"66","ls2","S67","213.126.58.10","67","","2016-07-15 21:59:54","mouseout","0_2_1","1_0_2_4_3","0_0","o_a1","62290","1201","7","5","0","0.25","28","0","0","0","0","0","0","0","1","0","0","0","0","0","0","0","1201"
"66","ls2","S67","213.126.58.10","67","","2016-07-15 21:59:54","mouseout","0_2_1","1_0_2_4_3","0_0","p_b2","64352","1598","8","5","0","0.285714285714","28","0","1","0","0","0","0","0","0","0","1598","0","0","0","0","0","0"
"66","ls2","S67","213.126.58.10","67","","2016-07-15 21:59:54","mouseout","0_2_1","1_0_2_4_3","0_0","p_b2","66557","1527","9","5","0","0.321428571429","28","0","1","0","0","0","0","0","0","0","1527","0","0","0","0","0","0"
"66","ls2","S67","213.126.58.10","67","","2016-07-15 21:59:54","mouseout","0_2_1","1_0_2_4_3","0_0","p_b1","68108","21487","10","5","0","0.357142857143","28","0","0","1","0","0","0","0","0","0","0","21487","0","0","0","0","0"
"66","ls2","S67","213.126.58.10","67","","2016-07-15 21:59:54","mouseout","0_2_1","1_0_2_4_3","0_0","p_b2","89620","1685","11","5","0","0.392857142857","28","0","1","0","0","0","0","0","0","0","1685","0","0","0","0","0","0"
"66","ls2","S67","213.126.58.10","67","","2016-07-15 21:59:54","mouseout","0_2_1","1_0_2_4_3","0_0","p_b1","91305","849","12","5","0","0.428571428571","28","0","0","1","0","0","0","0","0","0","0","849","0","0","0","0","0"
"66","ls2","S67","213.126.58.10","67","","2016-07-15 21:59:54","mouseout","0_2_1","1_0_2_4_3","0_0","o_b2","92360","1540","13","5","0","0.464285714286","28","1","0","0","0","0","0","0","0","1540","0","0","0","0","0","0","0"
"66","ls2","S67","213.126.58.10","67","","2016-07-15 21:59:54","mouseout","0_2_1","1_0_2_4_3","0_0","o_b1","93913","2885","14","5","0","0.5","28","0","0","0","1","0","0","0","0","0","0","0","2885","0","0","0","0"
"66","ls2","S67","213.126.58.10","67","","2016-07-15 21:59:54","mouseout","0_2_1","1_0_2_4_3","0_0","p_b1","96812","2752","15","5","0","0.535714285714","28","0","0","1","0","0","0","0","0","0","0","2752","0","0","0","0","0"
"66","ls2","S67","213.126.58.10","67","","2016-07-15 21:59:54","mouseout","0_2_1","1_0_2_4_3","0_0","o_a1","99636","1419","16","5","0","0.571428571429","28","0","0","0","0","0","0","0","1","0","0","0","0","0","0","0","1419"
"66","ls2","S67","213.126.58.10","67","","2016-07-15 21:59:54","mouseout","0_2_1","1_0_2_4_3","0_0","p_a1","101079","4062","17","5","0","0.607142857143","28","0","0","0","0","1","0","0","0","0","0","0","0","4062","0","0","0"
"66","ls2","S67","213.126.58.10","67","","2016-07-15 21:59:54","mouseout","0_2_1","1_0_2_4_3","0_0","o_a1","105153","911","18","5","0","0.642857142857","28","0","0","0","0","0","0","0","1","0","0","0","0","0","0","0","911"
"66","ls2","S67","213.126.58.10","67","","2016-07-15 21:59:54","mouseout","0_2_1","1_0_2_4_3","0_0","o_a1","115169","644","19","5","0","0.678571428571","28","0","0","0","0","0","0","0","1","0","0","0","0","0","0","0","644"
"66","ls2","S67","213.126.58.10","67","","2016-07-15 21:59:54","mouseout","0_2_1","1_0_2_4_3","0_0","o_a2","115824","2207","20","5","0","0.714285714286","28","0","0","0","0","0","0","1","0","0","0","0","0","0","0","2207","0"
"66","ls2","S67","213.126.58.10","67","","2016-07-15 21:59:54","mouseout","0_2_1","1_0_2_4_3","0_0","o_a1","118128","2110","21","5","0","0.75","28","0","0","0","0","0","0","0","1","0","0","0","0","0","0","0","2110"
"66","ls2","S67","213.126.58.10","67","","2016-07-15 21:59:54","mouseout","0_2_1","1_0_2_4_3","0_0","o_a2","133095","226","22","5","0","0.785714285714","28","0","0","0","0","0","0","1","0","0","0","0","0","0","0","226","0"
"66","ls2","S67","213.126.58.10","67","","2016-07-15 21:59:54","mouseout","0_2_1","1_0_2_4_3","0_0","o_a1","133393","400","23","5","0","0.821428571429","28","0","0","0","0","0","0","0","1","0","0","0","0","0","0","0","400"
"66","ls2","S67","213.126.58.10","67","","2016-07-15 21:59:54","mouseout","0_2_1","1_0_2_4_3","0_0","o_a2","133804","498","24","5","0","0.857142857143","28","0","0","0","0","0","0","1","0","0","0","0","0","0","0","498","0"
"66","ls2","S67","213.126.58.10","67","","2016-07-15 21:59:54","mouseout","0_2_1","1_0_2_4_3","0_0","p_a2","137195","5133","25","5","0","0.892857142857","28","0","0","0","0","0","1","0","0","0","0","0","0","0","5133","0","0"
"66","ls2","S67","213.126.58.10","67","","2016-07-15 21:59:54","mouseout","0_2_1","1_0_2_4_3","0_0","p_a1","142353","2656","26","5","0","0.928571428571","28","0","0","0","0","1","0","0","0","0","0","0","0","2656","0","0","0"
"66","ls2","S67","213.126.58.10","67","","2016-07-15 21:59:54","mouseout","0_2_1","1_0_2_4_3","0_0","o_a2","145049","263","27","5","0","0.964285714286","28","0","0","0","0","0","0","1","0","0","0","0","0","0","0","263","0"
"66","ls2","S67","213.126.58.10","67","","2016-07-15 21:59:54","mouseout","0_2_1","1_0_2_4_3","0_0","o_a2","145445","7360","28","5","0","1","28","0","0","0","0","0","0","1","0","0","0","0","0","0","0","7360","0"
"72","ls2","S69","213.126.58.10","69","","2016-07-15 22:23:14","mouseout","0_2_1","0_1_2_3_4","0_0","p_a2","30774","460","1","2","1","0.0588235294118","17","0","0","0","0","0","1","0","0","0","0","0","0","0","460","0","0"
"72","ls2","S69","213.126.58.10","69","","2016-07-15 22:23:14","mouseout","0_2_1","0_1_2_3_4","0_0","o_a2","31247","1247","2","2","1","0.117647058824","17","0","0","0","0","0","0","1","0","0","0","0","0","0","0","1247","0"
"72","ls2","S69","213.126.58.10","69","","2016-07-15 22:23:14","mouseout","0_2_1","0_1_2_3_4","0_0","o_a1","32591","690","3","2","1","0.176470588235","17","0","0","0","0","0","0","0","1","0","0","0","0","0","0","0","690"
"72","ls2","S69","213.126.58.10","69","","2016-07-15 22:23:14","mouseout","0_2_1","0_1_2_3_4","0_0","p_a1","33282","436","4","2","1","0.235294117647","17","0","0","0","0","1","0","0","0","0","0","0","0","436","0","0","0"
"72","ls2","S69","213.126.58.10","69","","2016-07-15 22:23:14","mouseout","0_2_1","0_1_2_3_4","0_0","o_a1","33718","569","5","2","1","0.294117647059","17","0","0","0","0","0","0","0","1","0","0","0","0","0","0","0","569"
"72","ls2","S69","213.126.58.10","69","","2016-07-15 22:23:14","mouseout","0_2_1","0_1_2_3_4","0_0","p_a1","34287","1418","6","2","1","0.352941176471","17","0","0","0","0","1","0","0","0","0","0","0","0","1418","0","0","0"
"72","ls2","S69","213.126.58.10","69","","2016-07-15 22:23:14","mouseout","0_2_1","0_1_2_3_4","0_0","p_a2","35730","557","7","2","1","0.411764705882","17","0","0","0","0","0","1","0","0","0","0","0","0","0","557","0","0"
"72","ls2","S69","213.126.58.10","69","","2016-07-15 22:23:14","mouseout","0_2_1","0_1_2_3_4","0_0","p_a1","36335","1296","8","2","1","0.470588235294","17","0","0","0","0","1","0","0","0","0","0","0","0","1296","0","0","0"
"72","ls2","S69","213.126.58.10","69","","2016-07-15 22:23:14","mouseout","0_2_1","0_1_2_3_4","0_0","o_b2","38116","1527","9","2","1","0.529411764706","17","1","0","0","0","0","0","0","0","1527","0","0","0","0","0","0","0"
"72","ls2","S69","213.126.58.10","69","","2016-07-15 22:23:14","mouseout","0_2_1","0_1_2_3_4","0_0","p_b2","39680","1101","10","2","1","0.588235294118","17","0","1","0","0","0","0","0","0","0","1101","0","0","0","0","0","0"
"72","ls2","S69","213.126.58.10","69","","2016-07-15 22:23:14","mouseout","0_2_1","0_1_2_3_4","0_0","o_b1","40782","1419","11","2","1","0.647058823529","17","0","0","0","1","0","0","0","0","0","0","0","1419","0","0","0","0"
"72","ls2","S69","213.126.58.10","69","","2016-07-15 22:23:14","mouseout","0_2_1","0_1_2_3_4","0_0","p_b1","42215","2409","12","2","1","0.705882352941","17","0","0","1","0","0","0","0","0","0","0","2409","0","0","0","0","0"
"72","ls2","S69","213.126.58.10","69","","2016-07-15 22:23:14","mouseout","0_2_1","0_1_2_3_4","0_0","p_b2","44639","700","13","2","1","0.764705882353","17","0","1","0","0","0","0","0","0","0","700","0","0","0","0","0","0"
"72","ls2","S69","213.126.58.10","69","","2016-07-15 22:23:14","mouseout","0_2_1","0_1_2_3_4","0_0","p_b1","45362","824","14","2","1","0.823529411765","17","0","0","1","0","0","0","0","0","0","0","824","0","0","0","0","0"
"72","ls2","S69","213.126.58.10","69","","2016-07-15 22:23:14","mouseout","0_2_1","0_1_2_3_4","0_0","p_b2","46201","2093","15","2","1","0.882352941176","17","0","1","0","0","0","0","0","0","0","2093","0","0","0","0","0","0"
"72","ls2","S69","213.126.58.10","69","","2016-07-15 22:23:14","mouseout","0_2_1","0_1_2_3_4","0_0","o_b1","48457","1208","16","2","1","0.941176470588","17","0","0","0","1","0","0","0","0","0","0","0","1208","0","0","0","0"
"72","ls2","S69","213.126.58.10","69","","2016-07-15 22:23:14","mouseout","0_2_1","0_1_2_3_4","0_0","o_b2","49688","596","17","2","1","1","17","1","0","0","0","0","0","0","0","596","0","0","0","0","0","0","0"
"82","ls2","S71","77.251.245.190","71","","2016-07-15 22:39:37","mouseout","0_2_1","1_0_2_4_3","0_0","p_a1","9014","412","1","100","50","0.0344827586207","29","0","0","0","0","1","0","0","0","0","0","0","0","412","0","0","0"
"82","ls2","S71","77.251.245.190","71","","2016-07-15 22:39:37","mouseout","0_2_1","1_0_2_4_3","0_0","p_a2","9446","1705","2","100","50","0.0689655172414","29","0","0","0","0","0","1","0","0","0","0","0","0","0","1705","0","0"
"82","ls2","S71","77.251.245.190","71","","2016-07-15 22:39:37","mouseout","0_2_1","1_0_2_4_3","0_0","o_a2","11176","3039","3","100","50","0.103448275862","29","0","0","0","0","0","0","1","0","0","0","0","0","0","0","3039","0"
"82","ls2","S71","77.251.245.190","71","","2016-07-15 22:39:37","mouseout","0_2_1","1_0_2_4_3","0_0","p_b2","14598","1022","4","100","50","0.137931034483","29","0","1","0","0","0","0","0","0","0","1022","0","0","0","0","0","0"
"82","ls2","S71","77.251.245.190","71","","2016-07-15 22:39:37","mouseout","0_2_1","1_0_2_4_3","0_0","o_b2","15620","1255","5","100","50","0.172413793103","29","1","0","0","0","0","0","0","0","1255","0","0","0","0","0","0","0"
"82","ls2","S71","77.251.245.190","71","","2016-07-15 22:39:37","mouseout","0_2_1","1_0_2_4_3","0_0","p_a1","17563","2369","6","100","50","0.206896551724","29","0","0","0","0","1","0","0","0","0","0","0","0","2369","0","0","0"
"82","ls2","S71","77.251.245.190","71","","2016-07-15 22:39:37","mouseout","0_2_1","1_0_2_4_3","0_0","o_a1","19952","3463","7","100","50","0.241379310345","29","0","0","0","0","0","0","0","1","0","0","0","0","0","0","0","3463"
"82","ls2","S71","77.251.245.190","71","","2016-07-15 22:39:37","mouseout","0_2_1","1_0_2_4_3","0_0","p_b1","23515","3159","8","100","50","0.275862068966","29","0","0","1","0","0","0","0","0","0","0","3159","0","0","0","0","0"
"82","ls2","S71","77.251.245.190","71","","2016-07-15 22:39:37","mouseout","0_2_1","1_0_2_4_3","0_0","o_b1","26689","885","9","100","50","0.310344827586","29","0","0","0","1","0","0","0","0","0","0","0","885","0","0","0","0"
"82","ls2","S71","77.251.245.190","71","","2016-07-15 22:39:37","mouseout","0_2_1","1_0_2_4_3","0_0","p_a1","33431","298","10","100","50","0.344827586207","29","0","0","0","0","1","0","0","0","0","0","0","0","298","0","0","0"
"82","ls2","S71","77.251.245.190","71","","2016-07-15 22:39:37","mouseout","0_2_1","1_0_2_4_3","0_0","p_a2","33749","605","11","100","50","0.379310344828","29","0","0","0","0","0","1","0","0","0","0","0","0","0","605","0","0"
"82","ls2","S71","77.251.245.190","71","","2016-07-15 22:39:37","mouseout","0_2_1","1_0_2_4_3","0_0","o_a2","34762","5022","12","100","50","0.413793103448","29","0","0","0","0","0","0","1","0","0","0","0","0","0","0","5022","0"
"82","ls2","S71","77.251.245.190","71","","2016-07-15 22:39:37","mouseout","0_2_1","1_0_2_4_3","0_0","p_a1","41500","2347","13","100","50","0.448275862069","29","0","0","0","0","1","0","0","0","0","0","0","0","2347","0","0","0"
"82","ls2","S71","77.251.245.190","71","","2016-07-15 22:39:37","mouseout","0_2_1","1_0_2_4_3","0_0","o_a1","43920","625","14","100","50","0.48275862069","29","0","0","0","0","0","0","0","1","0","0","0","0","0","0","0","625"
"82","ls2","S71","77.251.245.190","71","","2016-07-15 22:39:37","mouseout","0_2_1","1_0_2_4_3","0_0","o_a2","44568","778","15","100","50","0.51724137931","29","0","0","0","0","0","0","1","0","0","0","0","0","0","0","778","0"
"82","ls2","S71","77.251.245.190","71","","2016-07-15 22:39:37","mouseout","0_2_1","1_0_2_4_3","0_0","p_a2","45376","669","16","100","50","0.551724137931","29","0","0","0","0","0","1","0","0","0","0","0","0","0","669","0","0"
"82","ls2","S71","77.251.245.190","71","","2016-07-15 22:39:37","mouseout","0_2_1","1_0_2_4_3","0_0","p_a1","46532","1171","17","100","50","0.586206896552","29","0","0","0","0","1","0","0","0","0","0","0","0","1171","0","0","0"
"82","ls2","S71","77.251.245.190","71","","2016-07-15 22:39:37","mouseout","0_2_1","1_0_2_4_3","0_0","p_a2","47733","526","18","100","50","0.620689655172","29","0","0","0","0","0","1","0","0","0","0","0","0","0","526","0","0"
"82","ls2","S71","77.251.245.190","71","","2016-07-15 22:39:37","mouseout","0_2_1","1_0_2_4_3","0_0","p_a1","48291","1264","19","100","50","0.655172413793","29","0","0","0","0","1","0","0","0","0","0","0","0","1264","0","0","0"
"82","ls2","S71","77.251.245.190","71","","2016-07-15 22:39:37","mouseout","0_2_1","1_0_2_4_3","0_0","o_a1","49565","476","20","100","50","0.689655172414","29","0","0","0","0","0","0","0","1","0","0","0","0","0","0","0","476"
"82","ls2","S71","77.251.245.190","71","","2016-07-15 22:39:37","mouseout","0_2_1","1_0_2_4_3","0_0","p_b2","51348","545","21","100","50","0.724137931034","29","0","1","0","0","0","0","0","0","0","545","0","0","0","0","0","0"
"82","ls2","S71","77.251.245.190","71","","2016-07-15 22:39:37","mouseout","0_2_1","1_0_2_4_3","0_0","p_b1","51906","3493","22","100","50","0.758620689655","29","0","0","1","0","0","0","0","0","0","0","3493","0","0","0","0","0"
"82","ls2","S71","77.251.245.190","71","","2016-07-15 22:39:37","mouseout","0_2_1","1_0_2_4_3","0_0","p_b2","55419","684","23","100","50","0.793103448276","29","0","1","0","0","0","0","0","0","0","684","0","0","0","0","0","0"
"82","ls2","S71","77.251.245.190","71","","2016-07-15 22:39:37","mouseout","0_2_1","1_0_2_4_3","0_0","p_b1","56123","1416","24","100","50","0.827586206897","29","0","0","1","0","0","0","0","0","0","0","1416","0","0","0","0","0"
"82","ls2","S71","77.251.245.190","71","","2016-07-15 22:39:37","mouseout","0_2_1","1_0_2_4_3","0_0","o_a1","58187","343","25","100","50","0.862068965517","29","0","0","0","0","0","0","0","1","0","0","0","0","0","0","0","343"
"82","ls2","S71","77.251.245.190","71","","2016-07-15 22:39:37","mouseout","0_2_1","1_0_2_4_3","0_0","p_a1","58543","1051","26","100","50","0.896551724138","29","0","0","0","0","1","0","0","0","0","0","0","0","1051","0","0","0"
"82","ls2","S71","77.251.245.190","71","","2016-07-15 22:39:37","mouseout","0_2_1","1_0_2_4_3","0_0","o_a1","59624","262","27","100","50","0.931034482759","29","0","0","0","0","0","0","0","1","0","0","0","0","0","0","0","262"
"82","ls2","S71","77.251.245.190","71","","2016-07-15 22:39:37","mouseout","0_2_1","1_0_2_4_3","0_0","p_b1","60099","375","28","100","50","0.965517241379","29","0","0","1","0","0","0","0","0","0","0","375","0","0","0","0","0"
"82","ls2","S71","77.251.245.190","71","","2016-07-15 22:39:37","mouseout","0_2_1","1_0_2_4_3","0_0","o_b1","60524","456","29","100","50","1","29","0","0","0","1","0","0","0","0","0","0","0","456","0","0","0","0"
"83","ls2","S71","77.251.245.190","71","","2016-07-15 22:39:37","mouseout","0_2_1","1_0_2_4_3","0_0","p_a1","9014","412","1","100","50","0.0344827586207","29","0","0","0","0","1","0","0","0","0","0","0","0","412","0","0","0"
"83","ls2","S71","77.251.245.190","71","","2016-07-15 22:39:37","mouseout","0_2_1","1_0_2_4_3","0_0","p_a2","9446","1705","2","100","50","0.0689655172414","29","0","0","0","0","0","1","0","0","0","0","0","0","0","1705","0","0"
"83","ls2","S71","77.251.245.190","71","","2016-07-15 22:39:37","mouseout","0_2_1","1_0_2_4_3","0_0","o_a2","11176","3039","3","100","50","0.103448275862","29","0","0","0","0","0","0","1","0","0","0","0","0","0","0","3039","0"
"83","ls2","S71","77.251.245.190","71","","2016-07-15 22:39:37","mouseout","0_2_1","1_0_2_4_3","0_0","p_b2","14598","1022","4","100","50","0.137931034483","29","0","1","0","0","0","0","0","0","0","1022","0","0","0","0","0","0"
"83","ls2","S71","77.251.245.190","71","","2016-07-15 22:39:37","mouseout","0_2_1","1_0_2_4_3","0_0","o_b2","15620","1255","5","100","50","0.172413793103","29","1","0","0","0","0","0","0","0","1255","0","0","0","0","0","0","0"
"83","ls2","S71","77.251.245.190","71","","2016-07-15 22:39:37","mouseout","0_2_1","1_0_2_4_3","0_0","p_a1","17563","2369","6","100","50","0.206896551724","29","0","0","0","0","1","0","0","0","0","0","0","0","2369","0","0","0"
"83","ls2","S71","77.251.245.190","71","","2016-07-15 22:39:37","mouseout","0_2_1","1_0_2_4_3","0_0","o_a1","19952","3463","7","100","50","0.241379310345","29","0","0","0","0","0","0","0","1","0","0","0","0","0","0","0","3463"
"83","ls2","S71","77.251.245.190","71","","2016-07-15 22:39:37","mouseout","0_2_1","1_0_2_4_3","0_0","p_b1","23515","3159","8","100","50","0.275862068966","29","0","0","1","0","0","0","0","0","0","0","3159","0","0","0","0","0"
"83","ls2","S71","77.251.245.190","71","","2016-07-15 22:39:37","mouseout","0_2_1","1_0_2_4_3","0_0","o_b1","26689","885","9","100","50","0.310344827586","29","0","0","0","1","0","0","0","0","0","0","0","885","0","0","0","0"
"83","ls2","S71","77.251.245.190","71","","2016-07-15 22:39:37","mouseout","0_2_1","1_0_2_4_3","0_0","p_a1","33431","298","10","100","50","0.344827586207","29","0","0","0","0","1","0","0","0","0","0","0","0","298","0","0","0"
"83","ls2","S71","77.251.245.190","71","","2016-07-15 22:39:37","mouseout","0_2_1","1_0_2_4_3","0_0","p_a2","33749","605","11","100","50","0.379310344828","29","0","0","0","0","0","1","0","0","0","0","0","0","0","605","0","0"
"83","ls2","S71","77.251.245.190","71","","2016-07-15 22:39:37","mouseout","0_2_1","1_0_2_4_3","0_0","o_a2","34762","5022","12","100","50","0.413793103448","29","0","0","0","0","0","0","1","0","0","0","0","0","0","0","5022","0"
"83","ls2","S71","77.251.245.190","71","","2016-07-15 22:39:37","mouseout","0_2_1","1_0_2_4_3","0_0","p_a1","41500","2347","13","100","50","0.448275862069","29","0","0","0","0","1","0","0","0","0","0","0","0","2347","0","0","0"
"83","ls2","S71","77.251.245.190","71","","2016-07-15 22:39:37","mouseout","0_2_1","1_0_2_4_3","0_0","o_a1","43920","625","14","100","50","0.48275862069","29","0","0","0","0","0","0","0","1","0","0","0","0","0","0","0","625"
"83","ls2","S71","77.251.245.190","71","","2016-07-15 22:39:37","mouseout","0_2_1","1_0_2_4_3","0_0","o_a2","44568","778","15","100","50","0.51724137931","29","0","0","0","0","0","0","1","0","0","0","0","0","0","0","778","0"
"83","ls2","S71","77.251.245.190","71","","2016-07-15 22:39:37","mouseout","0_2_1","1_0_2_4_3","0_0","p_a2","45376","669","16","100","50","0.551724137931","29","0","0","0","0","0","1","0","0","0","0","0","0","0","669","0","0"
"83","ls2","S71","77.251.245.190","71","","2016-07-15 22:39:37","mouseout","0_2_1","1_0_2_4_3","0_0","p_a1","46532","1171","17","100","50","0.586206896552","29","0","0","0","0","1","0","0","0","0","0","0","0","1171","0","0","0"
"83","ls2","S71","77.251.245.190","71","","2016-07-15 22:39:37","mouseout","0_2_1","1_0_2_4_3","0_0","p_a2","47733","526","18","100","50","0.620689655172","29","0","0","0","0","0","1","0","0","0","0","0","0","0","526","0","0"
"83","ls2","S71","77.251.245.190","71","","2016-07-15 22:39:37","mouseout","0_2_1","1_0_2_4_3","0_0","p_a1","48291","1264","19","100","50","0.655172413793","29","0","0","0","0","1","0","0","0","0","0","0","0","1264","0","0","0"
"83","ls2","S71","77.251.245.190","71","","2016-07-15 22:39:37","mouseout","0_2_1","1_0_2_4_3","0_0","o_a1","49565","476","20","100","50","0.689655172414","29","0","0","0","0","0","0","0","1","0","0","0","0","0","0","0","476"
"83","ls2","S71","77.251.245.190","71","","2016-07-15 22:39:37","mouseout","0_2_1","1_0_2_4_3","0_0","p_b2","51348","545","21","100","50","0.724137931034","29","0","1","0","0","0","0","0","0","0","545","0","0","0","0","0","0"
"83","ls2","S71","77.251.245.190","71","","2016-07-15 22:39:37","mouseout","0_2_1","1_0_2_4_3","0_0","p_b1","51906","3493","22","100","50","0.758620689655","29","0","0","1","0","0","0","0","0","0","0","3493","0","0","0","0","0"
"83","ls2","S71","77.251.245.190","71","","2016-07-15 22:39:37","mouseout","0_2_1","1_0_2_4_3","0_0","p_b2","55419","684","23","100","50","0.793103448276","29","0","1","0","0","0","0","0","0","0","684","0","0","0","0","0","0"
"83","ls2","S71","77.251.245.190","71","","2016-07-15 22:39:37","mouseout","0_2_1","1_0_2_4_3","0_0","p_b1","56123","1416","24","100","50","0.827586206897","29","0","0","1","0","0","0","0","0","0","0","1416","0","0","0","0","0"
"83","ls2","S71","77.251.245.190","71","","2016-07-15 22:39:37","mouseout","0_2_1","1_0_2_4_3","0_0","o_a1","58187","343","25","100","50","0.862068965517","29","0","0","0","0","0","0","0","1","0","0","0","0","0","0","0","343"
"83","ls2","S71","77.251.245.190","71","","2016-07-15 22:39:37","mouseout","0_2_1","1_0_2_4_3","0_0","p_a1","58543","1051","26","100","50","0.896551724138","29","0","0","0","0","1","0","0","0","0","0","0","0","1051","0","0","0"
"83","ls2","S71","77.251.245.190","71","","2016-07-15 22:39:37","mouseout","0_2_1","1_0_2_4_3","0_0","o_a1","59624","262","27","100","50","0.931034482759","29","0","0","0","0","0","0","0","1","0","0","0","0","0","0","0","262"
"83","ls2","S71","77.251.245.190","71","","2016-07-15 22:39:37","mouseout","0_2_1","1_0_2_4_3","0_0","p_b1","60099","375","28","100","50","0.965517241379","29","0","0","1","0","0","0","0","0","0","0","375","0","0","0","0","0"
"83","ls2","S71","77.251.245.190","71","","2016-07-15 22:39:37","mouseout","0_2_1","1_0_2_4_3","0_0","o_b1","60524","456","29","100","50","1","29","0","0","0","1","0","0","0","0","0","0","0","456","0","0","0","0"
"89","ls2","S73","77.251.245.190","73","","2016-07-15 22:44:19","mouseout","0_2_1","0_1_2_3_4","0_0","o_a2","14510","1042","1","1","50","0.025641025641","39","0","0","0","0","0","0","1","0","0","0","0","0","0","0","1042","0"
"89","ls2","S73","77.251.245.190","73","","2016-07-15 22:44:19","mouseout","0_2_1","0_1_2_3_4","0_0","p_a2","15552","1186","2","1","50","0.0512820512821","39","0","0","0","0","0","1","0","0","0","0","0","0","0","1186","0","0"
"89","ls2","S73","77.251.245.190","73","","2016-07-15 22:44:19","mouseout","0_2_1","0_1_2_3_4","0_0","o_a1","17276","1392","3","1","50","0.0769230769231","39","0","0","0","0","0","0","0","1","0","0","0","0","0","0","0","1392"
"89","ls2","S73","77.251.245.190","73","","2016-07-15 22:44:19","mouseout","0_2_1","0_1_2_3_4","0_0","p_a1","18730","2382","4","1","50","0.102564102564","39","0","0","0","0","1","0","0","0","0","0","0","0","2382","0","0","0"
"89","ls2","S73","77.251.245.190","73","","2016-07-15 22:44:19","mouseout","0_2_1","0_1_2_3_4","0_0","p_a1","21597","4305","5","1","50","0.128205128205","39","0","0","0","0","1","0","0","0","0","0","0","0","4305","0","0","0"
"89","ls2","S73","77.251.245.190","73","","2016-07-15 22:44:19","mouseout","0_2_1","0_1_2_3_4","0_0","o_a2","26742","768","6","1","50","0.153846153846","39","0","0","0","0","0","0","1","0","0","0","0","0","0","0","768","0"
"89","ls2","S73","77.251.245.190","73","","2016-07-15 22:44:19","mouseout","0_2_1","0_1_2_3_4","0_0","p_a2","28990","718","7","1","50","0.179487179487","39","0","0","0","0","0","1","0","0","0","0","0","0","0","718","0","0"
"89","ls2","S73","77.251.245.190","73","","2016-07-15 22:44:19","mouseout","0_2_1","0_1_2_3_4","0_0","o_a2","30099","931","8","1","50","0.205128205128","39","0","0","0","0","0","0","1","0","0","0","0","0","0","0","931","0"
"89","ls2","S73","77.251.245.190","73","","2016-07-15 22:44:19","mouseout","0_2_1","0_1_2_3_4","0_0","o_a1","31050","605","9","1","50","0.230769230769","39","0","0","0","0","0","0","0","1","0","0","0","0","0","0","0","605"
"89","ls2","S73","77.251.245.190","73","","2016-07-15 22:44:19","mouseout","0_2_1","0_1_2_3_4","0_0","p_a1","31665","4675","10","1","50","0.25641025641","39","0","0","0","0","1","0","0","0","0","0","0","0","4675","0","0","0"
"89","ls2","S73","77.251.245.190","73","","2016-07-15 22:44:19","mouseout","0_2_1","0_1_2_3_4","0_0","o_a1","36385","903","11","1","50","0.282051282051","39","0","0","0","0","0","0","0","1","0","0","0","0","0","0","0","903"
"89","ls2","S73","77.251.245.190","73","","2016-07-15 22:44:19","mouseout","0_2_1","0_1_2_3_4","0_0","p_a1","37331","412","12","1","50","0.307692307692","39","0","0","0","0","1","0","0","0","0","0","0","0","412","0","0","0"
"89","ls2","S73","77.251.245.190","73","","2016-07-15 22:44:19","mouseout","0_2_1","0_1_2_3_4","0_0","p_a2","37794","1111","13","1","50","0.333333333333","39","0","0","0","0","0","1","0","0","0","0","0","0","0","1111","0","0"
"89","ls2","S73","77.251.245.190","73","","2016-07-15 22:44:19","mouseout","0_2_1","0_1_2_3_4","0_0","o_a2","38938","615","14","1","50","0.358974358974","39","0","0","0","0","0","0","1","0","0","0","0","0","0","0","615","0"
"89","ls2","S73","77.251.245.190","73","","2016-07-15 22:44:19","mouseout","0_2_1","0_1_2_3_4","0_0","o_b2","39675","1695","15","1","50","0.384615384615","39","1","0","0","0","0","0","0","0","1695","0","0","0","0","0","0","0"
"89","ls2","S73","77.251.245.190","73","","2016-07-15 22:44:19","mouseout","0_2_1","0_1_2_3_4","0_0","p_b2","41400","1210","16","1","50","0.410256410256","39","0","1","0","0","0","0","0","0","0","1210","0","0","0","0","0","0"
"89","ls2","S73","77.251.245.190","73","","2016-07-15 22:44:19","mouseout","0_2_1","0_1_2_3_4","0_0","o_b2","43138","648","17","1","50","0.435897435897","39","1","0","0","0","0","0","0","0","648","0","0","0","0","0","0","0"
"89","ls2","S73","77.251.245.190","73","","2016-07-15 22:44:19","mouseout","0_2_1","0_1_2_3_4","0_0","o_b1","43806","1067","18","1","50","0.461538461538","39","0","0","0","1","0","0","0","0","0","0","0","1067","0","0","0","0"
"89","ls2","S73","77.251.245.190","73","","2016-07-15 22:44:19","mouseout","0_2_1","0_1_2_3_4","0_0","p_b2","45155","1738","19","1","50","0.487179487179","39","0","1","0","0","0","0","0","0","0","1738","0","0","0","0","0","0"
"89","ls2","S73","77.251.245.190","73","","2016-07-15 22:44:19","mouseout","0_2_1","0_1_2_3_4","0_0","p_b1","46908","1449","20","1","50","0.512820512821","39","0","0","1","0","0","0","0","0","0","0","1449","0","0","0","0","0"
"89","ls2","S73","77.251.245.190","73","","2016-07-15 22:44:19","mouseout","0_2_1","0_1_2_3_4","0_0","o_b1","48387","920","21","1","50","0.538461538462","39","0","0","0","1","0","0","0","0","0","0","0","920","0","0","0","0"
"89","ls2","S73","77.251.245.190","73","","2016-07-15 22:44:19","mouseout","0_2_1","0_1_2_3_4","0_0","p_b2","49330","1197","22","1","50","0.564102564103","39","0","1","0","0","0","0","0","0","0","1197","0","0","0","0","0","0"
"89","ls2","S73","77.251.245.190","73","","2016-07-15 22:44:19","mouseout","0_2_1","0_1_2_3_4","0_0","p_b1","50974","3107","23","1","50","0.589743589744","39","0","0","1","0","0","0","0","0","0","0","3107","0","0","0","0","0"
"89","ls2","S73","77.251.245.190","73","","2016-07-15 22:44:19","mouseout","0_2_1","0_1_2_3_4","0_0","p_b2","54106","1187","24","1","50","0.615384615385","39","0","1","0","0","0","0","0","0","0","1187","0","0","0","0","0","0"
"89","ls2","S73","77.251.245.190","73","","2016-07-15 22:44:19","mouseout","0_2_1","0_1_2_3_4","0_0","o_b1","55338","286","25","1","50","0.641025641026","39","0","0","0","1","0","0","0","0","0","0","0","286","0","0","0","0"
"89","ls2","S73","77.251.245.190","73","","2016-07-15 22:44:19","mouseout","0_2_1","0_1_2_3_4","0_0","o_b2","55654","558","26","1","50","0.666666666667","39","1","0","0","0","0","0","0","0","558","0","0","0","0","0","0","0"
"89","ls2","S73","77.251.245.190","73","","2016-07-15 22:44:19","mouseout","0_2_1","0_1_2_3_4","0_0","o_b1","56219","1264","27","1","50","0.692307692308","39","0","0","0","1","0","0","0","0","0","0","0","1264","0","0","0","0"
"89","ls2","S73","77.251.245.190","73","","2016-07-15 22:44:19","mouseout","0_2_1","0_1_2_3_4","0_0","p_b2","57915","385","28","1","50","0.717948717949","39","0","1","0","0","0","0","0","0","0","385","0","0","0","0","0","0"
"89","ls2","S73","77.251.245.190","73","","2016-07-15 22:44:19","mouseout","0_2_1","0_1_2_3_4","0_0","p_b1","58323","2909","29","1","50","0.74358974359","39","0","0","1","0","0","0","0","0","0","0","2909","0","0","0","0","0"
"89","ls2","S73","77.251.245.190","73","","2016-07-15 22:44:19","mouseout","0_2_1","0_1_2_3_4","0_0","p_b2","61430","800","30","1","50","0.769230769231","39","0","1","0","0","0","0","0","0","0","800","0","0","0","0","0","0"
"89","ls2","S73","77.251.245.190","73","","2016-07-15 22:44:19","mouseout","0_2_1","0_1_2_3_4","0_0","o_b2","62451","624","31","1","50","0.794871794872","39","1","0","0","0","0","0","0","0","624","0","0","0","0","0","0","0"
"89","ls2","S73","77.251.245.190","73","","2016-07-15 22:44:19","mouseout","0_2_1","0_1_2_3_4","0_0","o_b1","63095","921","32","1","50","0.820512820513","39","0","0","0","1","0","0","0","0","0","0","0","921","0","0","0","0"
"89","ls2","S73","77.251.245.190","73","","2016-07-15 22:44:19","mouseout","0_2_1","0_1_2_3_4","0_0","p_b2","64061","518","33","1","50","0.846153846154","39","0","1","0","0","0","0","0","0","0","518","0","0","0","0","0","0"
"89","ls2","S73","77.251.245.190","73","","2016-07-15 22:44:19","mouseout","0_2_1","0_1_2_3_4","0_0","p_b1","64612","1694","34","1","50","0.871794871795","39","0","0","1","0","0","0","0","0","0","0","1694","0","0","0","0","0"
"89","ls2","S73","77.251.245.190","73","","2016-07-15 22:44:19","mouseout","0_2_1","0_1_2_3_4","0_0","o_a1","69609","323","35","1","50","0.897435897436","39","0","0","0","0","0","0","0","1","0","0","0","0","0","0","0","323"
"89","ls2","S73","77.251.245.190","73","","2016-07-15 22:44:19","mouseout","0_2_1","0_1_2_3_4","0_0","o_a2","69972","525","36","1","50","0.923076923077","39","0","0","0","0","0","0","1","0","0","0","0","0","0","0","525","0"
"89","ls2","S73","77.251.245.190","73","","2016-07-15 22:44:19","mouseout","0_2_1","0_1_2_3_4","0_0","p_a2","70507","575","37","1","50","0.948717948718","39","0","0","0","0","0","1","0","0","0","0","0","0","0","575","0","0"
"89","ls2","S73","77.251.245.190","73","","2016-07-15 22:44:19","mouseout","0_2_1","0_1_2_3_4","0_0","p_a1","71214","365","38","1","50","0.974358974359","39","0","0","0","0","1","0","0","0","0","0","0","0","365","0","0","0"
"89","ls2","S73","77.251.245.190","73","","2016-07-15 22:44:19","mouseout","0_2_1","0_1_2_3_4","0_0","o_a1","71579","412","39","1","50","1","39","0","0","0","0","0","0","0","1","0","0","0","0","0","0","0","412"
"98","ls2","S75","77.251.245.190","75","","2016-07-15 22:54:49","mouseout","0_2_1","1_0_2_4_3","0_0","p_a2","13185","9483","1","100","1","0.0625","16","0","0","0","0","0","1","0","0","0","0","0","0","0","9483","0","0"
"98","ls2","S75","77.251.245.190","75","","2016-07-15 22:54:49","mouseout","0_2_1","1_0_2_4_3","0_0","o_a2","23950","635","2","100","1","0.125","16","0","0","0","0","0","0","1","0","0","0","0","0","0","0","635","0"
"98","ls2","S75","77.251.245.190","75","","2016-07-15 22:54:49","mouseout","0_2_1","1_0_2_4_3","0_0","o_a1","24595","1298","3","100","1","0.1875","16","0","0","0","0","0","0","0","1","0","0","0","0","0","0","0","1298"
"98","ls2","S75","77.251.245.190","75","","2016-07-15 22:54:49","mouseout","0_2_1","1_0_2_4_3","0_0","o_b2","26108","743","4","100","1","0.25","16","1","0","0","0","0","0","0","0","743","0","0","0","0","0","0","0"
"98","ls2","S75","77.251.245.190","75","","2016-07-15 22:54:49","mouseout","0_2_1","1_0_2_4_3","0_0","o_b1","26861","1250","5","100","1","0.3125","16","0","0","0","1","0","0","0","0","0","0","0","1250","0","0","0","0"
"98","ls2","S75","77.251.245.190","75","","2016-07-15 22:54:49","mouseout","0_2_1","1_0_2_4_3","0_0","o_b2","28191","644","6","100","1","0.375","16","1","0","0","0","0","0","0","0","644","0","0","0","0","0","0","0"
"98","ls2","S75","77.251.245.190","75","","2016-07-15 22:54:49","mouseout","0_2_1","1_0_2_4_3","0_0","o_a2","28917","643","7","100","1","0.4375","16","0","0","0","0","0","0","1","0","0","0","0","0","0","0","643","0"
"98","ls2","S75","77.251.245.190","75","","2016-07-15 22:54:49","mouseout","0_2_1","1_0_2_4_3","0_0","o_b2","29671","908","8","100","1","0.5","16","1","0","0","0","0","0","0","0","908","0","0","0","0","0","0","0"
"98","ls2","S75","77.251.245.190","75","","2016-07-15 22:54:49","mouseout","0_2_1","1_0_2_4_3","0_0","o_b1","31162","554","9","100","1","0.5625","16","0","0","0","1","0","0","0","0","0","0","0","554","0","0","0","0"
"98","ls2","S75","77.251.245.190","75","","2016-07-15 22:54:49","mouseout","0_2_1","1_0_2_4_3","0_0","o_a1","31859","694","10","100","1","0.625","16","0","0","0","0","0","0","0","1","0","0","0","0","0","0","0","694"
"98","ls2","S75","77.251.245.190","75","","2016-07-15 22:54:49","mouseout","0_2_1","1_0_2_4_3","0_0","o_b1","32635","836","11","100","1","0.6875","16","0","0","0","1","0","0","0","0","0","0","0","836","0","0","0","0"
"98","ls2","S75","77.251.245.190","75","","2016-07-15 22:54:49","mouseout","0_2_1","1_0_2_4_3","0_0","p_b2","33551","2436","12","100","1","0.75","16","0","1","0","0","0","0","0","0","0","2436","0","0","0","0","0","0"
"98","ls2","S75","77.251.245.190","75","","2016-07-15 22:54:49","mouseout","0_2_1","1_0_2_4_3","0_0","p_b2","37296","443","13","100","1","0.8125","16","0","1","0","0","0","0","0","0","0","443","0","0","0","0","0","0"
"98","ls2","S75","77.251.245.190","75","","2016-07-15 22:54:49","mouseout","0_2_1","1_0_2_4_3","0_0","p_b1","37761","1440","14","100","1","0.875","16","0","0","1","0","0","0","0","0","0","0","1440","0","0","0","0","0"
"98","ls2","S75","77.251.245.190","75","","2016-07-15 22:54:49","mouseout","0_2_1","1_0_2_4_3","0_0","p_a1","39324","2348","15","100","1","0.9375","16","0","0","0","0","1","0","0","0","0","0","0","0","2348","0","0","0"
"98","ls2","S75","77.251.245.190","75","","2016-07-15 22:54:49","mouseout","0_2_1","1_0_2_4_3","0_0","p_a2","46524","878","16","100","1","1","16","0","0","0","0","0","1","0","0","0","0","0","0","0","878","0","0"
"111","ls2","S81","186.222.4.227","81","","2016-07-16 02:50:44","mouseout","0_2_1","0_1_2_3_4","0_0","o_a1","48786","205","1","0","0","0.0263157894737","38","0","0","0","0","0","0","0","1","0","0","0","0","0","0","0","205"
"111","ls2","S81","186.222.4.227","81","","2016-07-16 02:50:44","mouseout","0_2_1","0_1_2_3_4","0_0","o_a2","49052","8446","2","0","0","0.0526315789474","38","0","0","0","0","0","0","1","0","0","0","0","0","0","0","8446","0"
"111","ls2","S81","186.222.4.227","81","","2016-07-16 02:50:44","mouseout","0_2_1","0_1_2_3_4","0_0","p_a2","57581","6153","3","0","0","0.0789473684211","38","0","0","0","0","0","1","0","0","0","0","0","0","0","6153","0","0"
"111","ls2","S81","186.222.4.227","81","","2016-07-16 02:50:44","mouseout","0_2_1","0_1_2_3_4","0_0","o_a2","63960","8826","4","0","0","0.105263157895","38","0","0","0","0","0","0","1","0","0","0","0","0","0","0","8826","0"
"111","ls2","S81","186.222.4.227","81","","2016-07-16 02:50:44","mouseout","0_2_1","0_1_2_3_4","0_0","p_a2","72858","2921","5","0","0","0.131578947368","38","0","0","0","0","0","1","0","0","0","0","0","0","0","2921","0","0"
"111","ls2","S81","186.222.4.227","81","","2016-07-16 02:50:44","mouseout","0_2_1","0_1_2_3_4","0_0","o_a1","75984","3329","6","0","0","0.157894736842","38","0","0","0","0","0","0","0","1","0","0","0","0","0","0","0","3329"
"111","ls2","S81","186.222.4.227","81","","2016-07-16 02:50:44","mouseout","0_2_1","0_1_2_3_4","0_0","p_a1","79374","7972","7","0","0","0.184210526316","38","0","0","0","0","1","0","0","0","0","0","0","0","7972","0","0","0"
"111","ls2","S81","186.222.4.227","81","","2016-07-16 02:50:44","mouseout","0_2_1","0_1_2_3_4","0_0","o_b2","87706","3124","8","0","0","0.210526315789","38","1","0","0","0","0","0","0","0","3124","0","0","0","0","0","0","0"
"111","ls2","S81","186.222.4.227","81","","2016-07-16 02:50:44","mouseout","0_2_1","0_1_2_3_4","0_0","o_b1","90891","4586","9","0","0","0.236842105263","38","0","0","0","1","0","0","0","0","0","0","0","4586","0","0","0","0"
"111","ls2","S81","186.222.4.227","81","","2016-07-16 02:50:44","mouseout","0_2_1","0_1_2_3_4","0_0","o_b2","95641","1562","10","0","0","0.263157894737","38","1","0","0","0","0","0","0","0","1562","0","0","0","0","0","0","0"
"111","ls2","S81","186.222.4.227","81","","2016-07-16 02:50:44","mouseout","0_2_1","0_1_2_3_4","0_0","p_b2","97254","6369","11","0","0","0.289473684211","38","0","1","0","0","0","0","0","0","0","6369","0","0","0","0","0","0"
"111","ls2","S81","186.222.4.227","81","","2016-07-16 02:50:44","mouseout","0_2_1","0_1_2_3_4","0_0","p_b1","103766","1767","12","0","0","0.315789473684","38","0","0","1","0","0","0","0","0","0","0","1767","0","0","0","0","0"
"111","ls2","S81","186.222.4.227","81","","2016-07-16 02:50:44","mouseout","0_2_1","0_1_2_3_4","0_0","p_b2","105625","3237","13","0","0","0.342105263158","38","0","1","0","0","0","0","0","0","0","3237","0","0","0","0","0","0"
"111","ls2","S81","186.222.4.227","81","","2016-07-16 02:50:44","mouseout","0_2_1","0_1_2_3_4","0_0","p_b2","110300","3071","14","0","0","0.368421052632","38","0","1","0","0","0","0","0","0","0","3071","0","0","0","0","0","0"
"111","ls2","S81","186.222.4.227","81","","2016-07-16 02:50:44","mouseout","0_2_1","0_1_2_3_4","0_0","o_b2","114512","2670","15","0","0","0.394736842105","38","1","0","0","0","0","0","0","0","2670","0","0","0","0","0","0","0"
"111","ls2","S81","186.222.4.227","81","","2016-07-16 02:50:44","mouseout","0_2_1","0_1_2_3_4","0_0","o_b1","117326","1582","16","0","0","0.421052631579","38","0","0","0","1","0","0","0","0","0","0","0","1582","0","0","0","0"
"111","ls2","S81","186.222.4.227","81","","2016-07-16 02:50:44","mouseout","0_2_1","0_1_2_3_4","0_0","p_b1","119021","2660","17","0","0","0.447368421053","38","0","0","1","0","0","0","0","0","0","0","2660","0","0","0","0","0"
"111","ls2","S81","186.222.4.227","81","","2016-07-16 02:50:44","mouseout","0_2_1","0_1_2_3_4","0_0","p_b2","121825","1705","18","0","0","0.473684210526","38","0","1","0","0","0","0","0","0","0","1705","0","0","0","0","0","0"
"111","ls2","S81","186.222.4.227","81","","2016-07-16 02:50:44","mouseout","0_2_1","0_1_2_3_4","0_0","o_b2","123664","247","19","0","0","0.5","38","1","0","0","0","0","0","0","0","247","0","0","0","0","0","0","0"
"111","ls2","S81","186.222.4.227","81","","2016-07-16 02:50:44","mouseout","0_2_1","0_1_2_3_4","0_0","o_b1","124292","2188","20","0","0","0.526315789474","38","0","0","0","1","0","0","0","0","0","0","0","2188","0","0","0","0"
"111","ls2","S81","186.222.4.227","81","","2016-07-16 02:50:44","mouseout","0_2_1","0_1_2_3_4","0_0","p_a1","126808","278","21","0","0","0.552631578947","38","0","0","0","0","1","0","0","0","0","0","0","0","278","0","0","0"
"111","ls2","S81","186.222.4.227","81","","2016-07-16 02:50:44","mouseout","0_2_1","0_1_2_3_4","0_0","o_a1","127096","1181","22","0","0","0.578947368421","38","0","0","0","0","0","0","0","1","0","0","0","0","0","0","0","1181"
"111","ls2","S81","186.222.4.227","81","","2016-07-16 02:50:44","mouseout","0_2_1","0_1_2_3_4","0_0","o_a2","128411","1212","23","0","0","0.605263157895","38","0","0","0","0","0","0","1","0","0","0","0","0","0","0","1212","0"
"111","ls2","S81","186.222.4.227","81","","2016-07-16 02:50:44","mouseout","0_2_1","0_1_2_3_4","0_0","p_a2","129654","1181","24","0","0","0.631578947368","38","0","0","0","0","0","1","0","0","0","0","0","0","0","1181","0","0"
"111","ls2","S81","186.222.4.227","81","","2016-07-16 02:50:44","mouseout","0_2_1","0_1_2_3_4","0_0","p_a1","130938","10608","25","0","0","0.657894736842","38","0","0","0","0","1","0","0","0","0","0","0","0","10608","0","0","0"
"111","ls2","S81","186.222.4.227","81","","2016-07-16 02:50:44","mouseout","0_2_1","0_1_2_3_4","0_0","o_b2","141803","452","26","0","0","0.684210526316","38","1","0","0","0","0","0","0","0","452","0","0","0","0","0","0","0"
"111","ls2","S81","186.222.4.227","81","","2016-07-16 02:50:44","mouseout","0_2_1","0_1_2_3_4","0_0","p_b2","142306","1110","27","0","0","0.710526315789","38","0","1","0","0","0","0","0","0","0","1110","0","0","0","0","0","0"
"111","ls2","S81","186.222.4.227","81","","2016-07-16 02:50:44","mouseout","0_2_1","0_1_2_3_4","0_0","p_b1","143642","2066","28","0","0","0.736842105263","38","0","0","1","0","0","0","0","0","0","0","2066","0","0","0","0","0"
"111","ls2","S81","186.222.4.227","81","","2016-07-16 02:50:44","mouseout","0_2_1","0_1_2_3_4","0_0","p_b2","145832","2219","29","0","0","0.763157894737","38","0","1","0","0","0","0","0","0","0","2219","0","0","0","0","0","0"
"111","ls2","S81","186.222.4.227","81","","2016-07-16 02:50:44","mouseout","0_2_1","0_1_2_3_4","0_0","o_b2","148328","852","30","0","0","0.789473684211","38","1","0","0","0","0","0","0","0","852","0","0","0","0","0","0","0"
"111","ls2","S81","186.222.4.227","81","","2016-07-16 02:50:44","mouseout","0_2_1","0_1_2_3_4","0_0","o_b1","149478","5046","31","0","0","0.815789473684","38","0","0","0","1","0","0","0","0","0","0","0","5046","0","0","0","0"
"111","ls2","S81","186.222.4.227","81","","2016-07-16 02:50:44","mouseout","0_2_1","0_1_2_3_4","0_0","o_b2","154626","247","32","0","0","0.842105263158","38","1","0","0","0","0","0","0","0","247","0","0","0","0","0","0","0"
"111","ls2","S81","186.222.4.227","81","","2016-07-16 02:50:44","mouseout","0_2_1","0_1_2_3_4","0_0","p_b2","155017","1017","33","0","0","0.868421052632","38","0","1","0","0","0","0","0","0","0","1017","0","0","0","0","0","0"
"111","ls2","S81","186.222.4.227","81","","2016-07-16 02:50:44","mouseout","0_2_1","0_1_2_3_4","0_0","p_b1","156897","3745","34","0","0","0.894736842105","38","0","0","1","0","0","0","0","0","0","0","3745","0","0","0","0","0"
"111","ls2","S81","186.222.4.227","81","","2016-07-16 02:50:44","mouseout","0_2_1","0_1_2_3_4","0_0","o_b1","160714","4961","35","0","0","0.921052631579","38","0","0","0","1","0","0","0","0","0","0","0","4961","0","0","0","0"
"111","ls2","S81","186.222.4.227","81","","2016-07-16 02:50:44","mouseout","0_2_1","0_1_2_3_4","0_0","p_a1","166220","380","36","0","0","0.947368421053","38","0","0","0","0","1","0","0","0","0","0","0","0","380","0","0","0"
"111","ls2","S81","186.222.4.227","81","","2016-07-16 02:50:44","mouseout","0_2_1","0_1_2_3_4","0_0","o_a1","166620","1285","37","0","0","0.973684210526","38","0","0","0","0","0","0","0","1","0","0","0","0","0","0","0","1285"
"111","ls2","S81","186.222.4.227","81","","2016-07-16 02:50:44","mouseout","0_2_1","0_1_2_3_4","0_0","p_a1","167977","2352","38","0","0","1","38","0","0","0","0","1","0","0","0","0","0","0","0","2352","0","0","0"
"122","ls2","S85","172.124.186.122","85","","2016-07-16 06:59:54","mouseout","0_2_1","0_1_2_3_4","0_0","o_a2","13288","1770","1","100","100","0.0232558139535","43","0","0","0","0","0","0","1","0","0","0","0","0","0","0","1770","0"
"122","ls2","S85","172.124.186.122","85","","2016-07-16 06:59:54","mouseout","0_2_1","0_1_2_3_4","0_0","o_a1","15059","674","2","100","100","0.046511627907","43","0","0","0","0","0","0","0","1","0","0","0","0","0","0","0","674"
"122","ls2","S85","172.124.186.122","85","","2016-07-16 06:59:54","mouseout","0_2_1","0_1_2_3_4","0_0","o_a2","15751","684","3","100","100","0.0697674418605","43","0","0","0","0","0","0","1","0","0","0","0","0","0","0","684","0"
"122","ls2","S85","172.124.186.122","85","","2016-07-16 06:59:54","mouseout","0_2_1","0_1_2_3_4","0_0","p_a2","16453","446","4","100","100","0.093023255814","43","0","0","0","0","0","1","0","0","0","0","0","0","0","446","0","0"
